1981 2635
608 126 724 177 ”5233
787 120 804 180 )
839 126 928 172 *163
966 118 982 177 (
1046 122 1162 176 ἓίεὲω

154 243 234 287 mis
267 239 389 284 huius
425 237 712 281 Phaenomeni
749 237 996 292 explicatio:
1049 235 1187 289 quod,
1224 235 1326 276 dum
1363 238 1433 276 a'e'r
1479 244 1614 288 vapo-¹

152 310 264 351 ribus
298 306 354 347 est
390 305 646 358 inquinatus,
682 303 768 343 eius
804 302 1020 342 elasticitas
1053 300 1329 349 diminuatur,
1366 299 1471 340 mihi
1491 299 1611 339 omni

150 371 387 413 attentione
439 368 566 420 digna
609 367 663 407 est
707 366 814 415 visa,
850 378 949 406 cum
987 367 1074 407 eius
1111 364 1244 404 caussa
1277 377 1301 403 a
1336 364 1508 403 nemine
1544 363 1616 403 ad-

149 435 233 477 huc
282 433 464 474 dilucide
512 432 563 472 fit
614 429 815 483 exposita.
901 429 981 469 Illo
1025 442 1131 470 vero
1175 438 1371 480 tempore
1421 426 1612 467 Theoria

151 499 379 540 fluidorum
417 495 604 535 nondum
640 495 733 534 satis
770 502 861 534 erat
896 493 1087 543 exculta,
1130 501 1180 534 vt
1215 492 1332 531 istam
1367 490 1506 530 ideam
1544 503 1618 543 pe-

151 564 262 604 nitus
298 560 492 602 euoluere
527 555 770 606 valuissem,
805 557 1082 608 quamobrem
1119 568 1273 610 operae
1308 554 1492 608 pretium
1523 553 1614 594 fore

148 626 376 670 existimo,
412 620 527 660 illam
563 618 672 658 aeris
708 618 951 658 structuram
977 649 988 666 ,
1023 633 1150 671 quam
1185 618 1411 665 finxeram,
1449 630 1617 657 accura-

148 690 229 727 tius
282 685 554 732 examinare,
607 690 649 722 et
695 693 901 734 quaenam
936 680 1239 723 Phaenomena
1275 681 1373 720 inde
1408 681 1510 720 oriri
1544 681 1640 723 de-='

145 749 285 799 beant,
319 748 469 790 maiori
504 759 632 787 curua
667 745 895 799 inquirere.

334 875 371 922 ξ.
412 885 451 920 3.
516 870 725 914 Naturam
781 872 885 914 aEris
939 880 1081 913 autem
1126 872 1186 912 ita
1230 872 1374 914 animo
1407 865 1617 925 concepte?

148 951 253 988 ram,
287 936 401 990 quasl
438 948 494 976 ex
532 936 902 977 innumerabilibus
940 937 1126 976 minimis
1164 935 1331 978 bullulis
1366 937 1432 977 seu
1469 936 1615 991 sphae-

148 1003 256 1044 rulis
297 1002 395 1040 effet
439 1001 726 1054 compofitus,
777 1013 885 1053 quae
930 1000 1111 1053 singulae
1156 1001 1339 1041 cuticula
1375 1001 1615 1042 tenuiffima

150 1064 304 1119 aquosa
353 1064 741 1114 circumdarentur,
792 1065 899 1106 intra
945 1077 1046 1117 quas
1082 1065 1252 1118 propria
1289 1064 1613 1106 a‘e'ris'materia

150 1139 273 1170 motu
313 1128 563 1181 rapidissimo
598 1129 641 1168 in
677 1141 829 1181 gyrum
865 1129 1187 1181 circumagatur,
1219 1130 1261 1169 in
1298 1131 1414 1172 cuius
1451 1130 1494 1168 vi
1515 1140 1613 1168 cen-

153 1193 306 1246 trifuga
340 1191 555 1233 elasticitas
591 1193 696 1234 a‘e‘ris
731 1193 909 1245 produci
931 1204 1017 1235 erat
1040 1193 1136 1232 visa.
1203 1195 1365 1234 Totum
1387 1192 1611 1245 negotium

152 1257 279 1310 igitur
314 1255 396 1296 huc
430 1257 561 1306 redit,
595 1267 642 1297 vt
675 1257 746 1297 ista
782 1256 1023 1312 hypothesis
1055 1258 1285 1298 accuratius
1311 1256 1611 1311 perpendatur,

149 1331 194 1361 et
229 1321 277 1360 ad
314 1320 547 1360 cuiusmodi
592 1320 883 1374 phaenomena
928 1321 1197 1374 producenda
1233 1322 1280 1361 sit
1316 1320 1612 1361 accommoda⁴

150 1394 205 1433 ta,
241 1384 487 1437 inquiratur.
554 1383 642 1424 Nifi
676 1388 789 1426 enim
828 1385 1062 1427 manifestas
1098 1384 1610 1425 contradietionesinuol-

149 1457 235 1495 uat,
270 1448 360 1488 satis
395 1448 604 1502 probabile
639 1450 817 1498 videtur,
855 1451 960 1492 aeris
997 1450 1306 1503 phaenomena,
1342 1449 1435 1490 actu
1470 1447 1612 1489 obser-

151 1521 260 1562 uata,
297 1523 381 1552 non
415 1513 592 1554 multum
627 1515 856 1568 discrepare
893 1514 1017 1570 posse.

336 1643 369 1691 ξ.
405 1659 447 1694 4.
514 1642 640 1698 Quod
676 1643 803 1698 igitur
839 1642 979 1697 primo
1015 1642 1062 1682 ad
1098 1642 1313 1695 pelliculas
1344 1642 1431 1683 illas
1456 1655 1610 1697 aqueas

148 1704 231 1744 fiue
267 1708 490 1758 vaporosas
526 1710 688 1759 attinet,
726 1721 867 1748 earum
906 1707 1068 1747 realitas
1106 1709 1146 1747 in
1186 1721 1290 1760 aqua
1326 1707 1516 1760 spumosa
1545 1717 1609 1747 at-

148 1780 230 1820 que
265 1767 386 1811 bullis
422 1772 656 1826 saponaceis
693 1771 912 1813 manifesto
947 1770 1304 1823 deprehenditur,
1357 1771 1466 1811 vnde
1500 1772 1609 1812 reete

150 1832 399 1875 concludere
453 1838 715 1890 poterimus,
766 1847 945 1890 vapores
998 1836 1040 1875 in
1091 1838 1186 1876 a'e're
1224 1835 1514 1876 adscendentes
1551 1837 1610 1875 ita

151 1894 340 1948 diffipari,
377 1909 421 1939 vt
459 1900 664 1941 elementa
699 1905 820 1942 a'e'rea
855 1900 976 1940 instar
1002 1900 1207 1939 cuticulae
1229 1899 1465 1947 inuoluant,
1502 1911 1607 1953 quae

154 1957 182 1995 fi
217 1971 288 2010 per
321 1966 463 2004 omnia
496 1964 709 2005 elementa
745 1965 970 2018 aequaliter
1005 1963 1270 2017 dispergatur
1291 1993 1302 2013 ,
1339 1963 1608 2017 atmosphae·

156 2033 200 2059 ra
243 2023 344 2063 nihil
377 2028 436 2068 'de
473 2029 752 2082 pelluciditate
788 2018 976 2077 amittet,
1044 2028 1101 2067 sm
1139 2039 1282 2068 autem
1319 2028 1429 2067 intra
1467 2027 1609 2080 sphae-

157 2083 264 2124 rulas
299 2090 436 2131 aereas
473 2092 638 2134 confuse
672 2093 969 2148 hospitentur,
1023 2092 1218 2132 refraftio
1255 2084 1468 2132 radiorum
1505 2090 1608 2131 lucis

157 2159 388 2202 eorumque
420 2156 609 2197 transitus
644 2170 728 2199 non
764 2156 1036 2199 mediocriter
1071 2156 1394 2211 perturbabitur,
1429 2156 1537 2195 vnde
1566 2155 1610 2194 in

853 2219 895 2261 X
934 2233 958 2259 2
1515 2222 1610 2259 ae‘re
