1981 2635
586 155 699 210 ”5:³33
763 151 962 213 )212<
1024 155 1140 206 8:2³3<-

333 270 467 314 Plicae
517 278 754 317 caeterum,
807 271 866 311 vti
911 284 934 310 a
977 273 1112 324 rugis,
1163 271 1220 311 ita
1272 275 1314 310 et
1348 282 1371 309 a
1405 266 1607 321 valuulis,

149 338 281 395 probe
330 339 422 378 sunt
474 335 804 387 distinguendae,
856 336 1047 393 quamuis
1097 335 1250 375 fabrica
1299 333 1362 373 his
1399 344 1439 374 et
1475 334 1607 388 figura

149 405 228 446 fint
260 401 374 456 saepe
411 398 659 440 simillimae.
724 398 846 440 Plica·
872 399 1047 453 simplex
1083 402 1248 441 tunicae
1276 398 1464 439 internae
1487 399 1607 449 vasis,

152 477 222 510 aut
247 463 506 518 receptaculi
541 463 724 512 alicuius,
761 463 1021 518 duplicatura
1055 465 1124 513 est,
1161 475 1267 517 quae
1304 463 1413 503 intra
1449 465 1608 504 canita-

149 542 236 572 tem
273 528 509 570 notabiliter
543 528 711 573 eminet,
751 540 805 567 ets
831 529 1026 580 margine
1053 529 1196 577 tenui,
1249 527 1498 580 plerumque
1533 539 1611 568 ex·

151 595 260 642 ciso,
312 593 583 640 terminatur·⁷
630 584 735 639 quae
782 592 963 631 fluidum
1004 593 1210 632 remorari
1255 591 1423 643 quidem
1459 591 1500 631 in
1538 592 1621 631 suo

149 657 380 712 progreffu,
416 663 457 693 at
489 655 565 693 iter
601 653 774 704 dirigere
811 654 922 693 fluidi
959 654 1078 694 huius
1115 665 1185 695 ant
1220 655 1500 695 determinare
1521 654 1615 695 nul-

149 719 358 761 lomodo
393 716 540 769 potest.
608 715 728 769 Ruga
765 718 897 757 minus
935 719 1110 767 eminet,
1155 730 1229 757 nec
1267 720 1452 770 margine
1489 729 1631 760 acuto·

99 828 103 829 ⁷
152 783 411 829 terminatur,
449 780 512 819 sed
549 779 677 821 dorso¹
705 782 855 833 potius,
893 781 960 821 seu
995 780 1095 822 facie
1132 793 1339 829 connexa,
1376 782 1616 832 cylindrica,

151 847 192 888 in
229 847 448 887 cauitatem
487 845 651 896 spec‘tat.
719 845 888 884 Valuula
933 845 1192 897 duplicatura
1232 846 1369 886 similis
1407 846 1615 899 plicarum

153 911 224 959 est,
260 910 538 961 cuiuscunque
575 907 746 959 figurae,
784 918 825 948 et
859 909 914 948 ita
948 908 1165 962 dilpofita,
1201 910 1426 962 parietique
1463 910 1626 950 adl1ae··v

152 986 248 1015 rens
300 972 433 1020 vasis,
485 972 526 1011 in
571 985 656 1024 quo
692 973 961 1019 continetur,
999 984 1045 1012 vt
1077 973 1216 1020 fluid0‚
1255 986 1310 1013 ex
1348 973 1475 1013 altera
1511 966 1627 1014 vafis-
1678 1026 1681 1029 .

155 1047 275 1092 parte
310 1037 518 1083 veniente,
540 1036 588 1075 acl
624 1036 824 1089 parietem
861 1036 1104 1089 applicetur,
1140 1038 1393 1091 plenamque
1419 1037 1472 1077 fic
1500 1047 1617 1078 tran-

155 1103 287 1143 fituro
324 1100 461 1140 fluido·
485 1100 595 1140 viam
631 1101 856 1152 concedat3
894 1102 1083 1142 veniente
1118 1112 1260 1143 autem
1297 1113 1353 1142 ex
1389 1112 1504 1155 parte
1539 1115 1616 1156 op-

155 1166 289 1220 posita
324 1164 597 1212 extendatur,
651 1164 702 1204 et'
725 1165 834 1204 viam
872 1165 1089 1218 occludat3
1141 1178 1270 1218 eaque
1306 1167 1465 1206 ratione
1501 1166 1614 1207 fluidi

155 1231 232 1271 iter
275 1229 432 1281 dirigat.
516 1227 607 1269 Hoc
644 1228 730 1268 solo
768 1229 1065 1272 mechanismo*
1088 1240 1129 1272 et
1163 1231 1258 1271 inde
1291 1230 1502 1284 pendente
1537 1229 1612 1270 vsu

155 1292 322 1334 mluula
357 1293 394 1333 se
429 1306 450 1333 a
485 1291 590 1346 plica
625 1293 845 1347 distinguit.

343 1420 413 1462 Ab
449 1422 512 1463 his
547 1422 746 1465 vesiculae
779 1422 912 1478 plicis,
949 1436 1055 1478 quae
1091 1422 1250 1465 collum
1287 1427 1418 1467 modo
1454 1432 1612 1474 tenent,

158 1495 199 1527 et
235 1500 257 1526 a
292 1487 400 1539 rugis
435 1487 748 1538 reticularibns,
801 1501 904 1542 quae
947 1489 1153 1541 reliquam
1199 1490 1286 1529 eius
1329 1501 1492 1545 partem
1528 1502 1629 1531 am-·

159 1550 339 1604 pliorem
375 1563 596 1604 occupant,
631 1567 676 1594 ea
696 1553 928 1593 luculenter
957 1553 1095 1594 differt
1114 1554 1326 1601 structura,
1349 1555 1516 1608 quaein
1538 1565 1613 1604 cy-

161 1615 247 1654 stici
283 1615 426 1656 ductus
462 1618 638 1658 cauitate
674 1617 928 1658 obseruatur.
997 1615 1104 1657 Sunt
1137 1617 1206 1658 fila
1242 1619 1365 1659 crassa
1393 1629 1436 1659 et
1458 1618 1613 1666 breuia,

159 1678 240 1718 siue
277 1679 551 1726 trabeculae,
583 1692 630 1722 vt
676 1683 807 1722 solent
841 1682 963 1721 huius
1000 1680 1150 1721 indolis
1185 1682 1415 1734 particulae
1449 1682 1616 1729 vocari,

159 1743 425 1789 transuersae,
463 1745 702 1798 irregulares
740 1746 883 1799 figura,
929 1746 1167 1798 triquetrae,
1204 1746 1511 1799 quadrangulae
1548 1744 1618 1785 vel

158 1816 340 1853 teretes,
378 1808 524 1860 quibus
562 1810 601 1848 in
638 1824 688 1851 eo
725 1812 837 1855 sane,
874 1811 990 1850 cuius
1028 1811 1194 1849 iconem
1232 1811 1377 1858 trado,
1416 1808 1617 1862 exemplo

161 1879 271 1910 totus
325 1870 458 1912 breuis
512 1873 655 1914 ductus
707 1875 879 1926 cysticus
932 1874 1043 1927 quasi
1096 1873 1275 1926 repletus
1322 1875 1400 1914 effe
1437 1875 1617 1915 videtur.

164 1930 265 1973 Sunt
299 1935 469 1975 latiores
507 1938 608 1977 aliae
644 1939 952 1992 crassioresque,
988 1938 1089 1978 aliae
1123 1938 1357 1994 tenuioresg
1395 1938 1619 1978 nonnullae

165 1993 362 2048 simplices
400 2000 513 2049 sunt,
548 2003 768 2056 pleraeque
802 2013 943 2042 autem
981 2002 1235 2054 compositae
1272 2013 1313 2044 et
1348 2003 1459 2055 quasi
1496 2002 1621 2042 rami*

166 2056 325 2100 ficatae.
389 2063 604 2107 Extremis
651 2067 897 2120 plerumque
950 2065 1166 2106 latioribus
1213 2067 1436 2120 parietibus
1472 2065 1616 2105 duetus

167 2122 414 2177 adhaerent3
449 2129 488 2167 in
527 2131 664 2171 media
701 2131 757 2171 sui
795 2141 911 2184 parte
950 2132 1160 2172 tenuiores
1195 2131 1388 2171 existunt.
1457 2128 1617 2168 Plerae-

167 2197 247 2238 que
286 2192 531 2234 transuersae
568 2195 658 2236 sunt
693 2206 734 2236 et
769 2196 816 2235 ab
853 2208 941 2234 vno
976 2195 1121 2237 duetus
1156 2197 1312 2251 pariete
1347 2193 1456 2236 reeta
1478 2193 1520 2234 in
1541 2205 1618 2244 op-

848 2258 934 2300 Dd
973 2272 994 2310 3
1128 2272 1131 2274 ’
1546 2267 1623 2312 Ρθτ
