1981 2635
857 107 973 157 ⁸⁰&ss
1037 102 1052 159 )
1093 104 1231 162 164(
1297 107 1411 157 5123<-

406 218 501 258 ae‘re
537 215 736 257 inferiore
772 215 959 265 nebulae,
994 215 1037 256 in
1074 214 1286 269 superiore
1320 228 1460 259 autem
1498 215 1626 259 nubes
1663 216 1765 257 oriri
1791 216 1865 256 *vi-

406 281 573 321 dentur.
643 278 887 330 Praeterea,
940 293 1025 334 quo
1076 279 1212 334 plures
1260 291 1436 333 vapores
1485 283 1569 324 ae'ri
1599 282 1763 334 *fuerint
1800 281 1868 320 ad-

405 344 547 393 mixti,
584 342 788 384 cuticulae
823 344 932 394 illae,
971 343 1202 398 sphaerulas
1237 346 1378 384 a'e'reas
1408 337 1658 394 ambientes,
1691 345 1869 399 euadent

404 408 639 457 densiores,
690 409 829 459 quoad
879 408 1036 449 scilicet
1080 407 1322 448 constitutio
1371 407 1522 449 harum
1561 403 1869 463 sphaerularum

406 472 574 515 sufferre
618 470 744 511 valet.

595 601 629 649 ξ.
670 609 709 648 5.
777 597 942 639 Deinde
978 600 1103 639 etiam
1143 612 1226 639 uon
1259 600 1400 641 desunt
1421 599 1622 649 rationes,
1659 614 1764 653 quae
1785 600 1871 642 sua-

405 663 530 711 dent,
566 664 781 718 propriam
819 663 923 703 aeris
961 664 1179 703 materiam
1217 665 1257 704 in
1296 664 1360 704 his
1398 664 1619 716 sphaerulis
1658 675 1776 704 motu
1809 680 1870 705 ra-

404 726 612 780 pidislimo
650 727 899 779 circumagi,
939 739 1035 766 cum
1073 728 1238 768 aliunde
1275 728 1409 768 caussa
1445 728 1697 767 elasticitatis
1734 729 1869 780 repeti

405 800 599 843 nequeat.
665 790 884 830 Praeterea
930 802 1026 828 cum
1074 791 1156 828 iam
1206 792 1303 829 satia
1340 791 1519 830 euststum
1557 791 1604 830 s1t
1623 821 1636 839 ‚.
1688 792 1871 832 calorem

405 855 447 894 in
486 864 601 893 certa
637 853 866 906 agitatione
905 850 1084 890 aetheris
1123 852 1353 899 consistere,
1392 852 1487 890 hinc
1523 853 1668 903 vtique
1697 857 1873 895 materia

406 917 476 957 illa
528 917 633 957 ae‘ris
687 917 728 955 in
783 915 1008 968 sphaerulis
1048 926 1214 955 motum
1251 914 1460 968 quendam
1497 915 1683 967 recipere
1719 917 1872 967 debet,

408 982 480 1034 qui
516 993 611 1021 cum
650 980 691 1020 in
731 980 800 1020 tali
836 979 1008 1032 angusto
1045 979 1173 1031 spatio
1211 980 1256 1019 fit
1294 978 1500 1025 inclusus,
1539 991 1621 1018 nou
1653 978 1770 1019 aliter
1801 980 1875 1020 nifi

408 1059 483 1099 per
521 1057 686 1085 motum
725 1045 983 1084 vorticosum
1023 1044 1260 1083 continuari
1296 1043 1444 1097 potest,
1480 1042 1520 1081 id
1558 1043 1670 1096 quod
1707 1056 1758 1082 eo
1786 1057 1875 1084 ma-

407 1100 469 1163 gis
505 1109 552 1149 fit
588 1109 804 1163 probabile
827 1139 838 1159 ,
891 1107 1004 1162 quod
1054 1108 1173 1148 aneto
1211 1107 1378 1157 calore,
1434 1106 1615 1160 indeque
1648 1119 1875 1161 propterea

411 1184 530 1215 motu
566 1175 643 1214 isso
679 1173 902 1223 verticoso,
938 1172 1151 1212 elasticitas
1189 1172 1295 1213 a'e'ris
1333 1183 1500 1225 quoque
1538 1181 1762 1224 augeatur3
1797 1184 1876 1212 vn-

411 1239 460 1280 de
497 1238 759 1280 manisestum
795 1238 864 1286 est,
901 1246 1065 1277 motum
1104 1237 1365 1289 gyratorium
1402 1235 1445 1274 in
1481 1233 1706 1288 sphaerulis
1742 1237 1874 1278 aereis

410 1315 505 1344 cum
544 1303 678 1344 caussa
714 1302 862 1343 caloris
900 1300 1116 1341 arffiffime
1154 1302 1235 1341 effe·
1270 1311 1531 1341 connexum..

604 1432 636 1480 ξ.
676 1433 717 1471 6.
786 1428 952 1470 Deinde
989 1440 1090 1469 vero
1127 1428 1251 1468 etiam
1290 1427 1466 1477 affumfi,
1494 1427 1650 1481 singula
1669 1428 1773 1482 afe‘ris
1793 1426 1877 1468 ele-

415 1504 555 1535 menta
601 1496 642 1534 iu
682 1496 926 1535 memoratis
963 1492 1189 1546 sphaerulis
1226 1505 1302 1545 per
1336 1492 1515 1532 circulos
1553 1494 1759 1533 maximos
1796 1492 1877 1532 cir-

414 1560 604 1612 cumagi,
651 1570 696 1598 vt
732 1561 773 1598 in
812 1559 860 1597 iis
915 1558 1187 1609 vndequaque
1242 1556 1425 1607 aequalis
1462 1558 1526 1596 vis
1563 1558 1816 1609 centrifuga‚
1852 1569 1875 1594 a

416 1633 565 1661 centro
602 1624 803 1676 cuiusque
841 1621 1079 1674 sphaerulae
1116 1620 1332 1665 recedens,
1369 1622 1540 1661 oriatur.
1576 1622 1762 1673 haecque
1797 1618 1876 1669 hy-

415 1686 595 1740 pothesis
635 1688 918 1740 nuncquidem
955 1698 1049 1725 curn
1087 1685 1302 1738 principiis
1340 1685 1592 1725 mechanicis
1631 1684 1873 1734 neutiquam

417 1751 631 1791 consistere
677 1752 789 1805 poffe
834 1750 1029 1797 videtur,
1085 1762 1180 1789 cum
1219 1749 1546 1789 demonstratum
1582 1749 1662 1795 sit,
1713 1745 1874 1786 nullum

419 1816 543 1855 alium
593 1827 757 1856 motum
794 1815 902 1856 circa
938 1814 1136 1867 pumstum
1175 1812 1402 1866 quodpiam
1440 1812 1572 1852 fixum
1609 1812 1651 1851 in
1688 1812 1877 1863 corpori-

418 1879 490 1920 bus
529 1881 614 1920 dari
652 1881 792 1934 posse7
850 1878 924 1919 nisi
959 1879 1030 1931 qui
1067 1886 1283 1930 peragatur
1320 1877 1430 1916 circa
1465 1888 1591 1915 axem
1630 1873 1875 1929 quempiam

420 1943 570 1984 fixum.
637 1944 679 1984 A
732 1945 801 1983 tali
854 1953 994 1983 autem
1041 1951 1159 1982 motu
1206 1940 1282 1979 alia
1318 1941 1379 1980 vis
1418 1939 1649 1992 centrisuga
1684 1938 1876 1989 generari

421 2021 503 2047 uon
543 2010 691 2060 potest,
714 2008 784 2047 nili
823 2019 926 2059 quae
964 2006 1013 2045 ab
1050 2018 1126 2045 axe
1161 2003 1391 2057 gyrationis
1428 2003 1605 2052 recedat,
1630 2004 1806 2054 ideoque
1835 2002 1876 2041 in

418 2073 560 2112 cadam
602 2071 814 2122 sphaerula
851 2073 1036 2110 maxime
1073 2069 1170 2108 esset
1203 2067 1451 2119 irregularis,
1488 2079 1583 2106 cum
1621 2078 1783 2107 certum
1814 2065 1875 2116 fit,

421 2136 703 2176 elallicimtem
741 2135 846 2176 ae'ris
882 2134 925 2174 iu
962 2145 1107 2174 omnc³
1144 2131 1281 2187 plagas
1319 2131 1548 2184 aequaliter
1583 2133 1771 2172 tendere.

1769 2196 1803 2245 §-
1840 2205 1880 2241 7.
