1981 2635
862 149 978 197 ωεεες
1043 136 1237 200 )ισσ’(
1300 147 1416 198 eze·

403 255 699 312 corpusculum
724 255 778 297 'A
813 267 930 297 motu
970 255 1050 299 dC
1087 259 1130 298 in
1167 257 1345 297 alterum
1378 259 1673 313 corpusculum
1709 259 1774 311 B,
1819 261 1862 303 in

401 320 440 362 C
476 321 686 374 quiescens
708 352 718 370 ‚
770 322 1033 374 impingeret.
1096 319 1276 362 *Constat
1311 330 1475 371 autem,
1511 334 1600 365 tum
1636 338 1865 379 corpuscu-

399 385 489 425 lum
528 386 569 425 A
604 386 646 425 in
685 382 721 425 C
757 387 838 426 esse
875 389 1142 438 quieturum,
1178 386 1360 425 alterum
1396 398 1500 425 vero
1533 386 1568 426 Β
1603 390 1863 430 celeritatem

403 449 483 489 effe
520 449 817 501 acquisiturum
857 446 965 489 CD.
1033 449 1122 490 Iam
1159 450 1397 489 restituatur
1433 458 1571 491 motus
1607 462 1748 493 mente
1784 455 1863 493 im-

399 512 553 566 pressus
601 513 816 553 celeritate
852 510 947 553 Cb.
1033 513 1129 554 Hoc
1175 514 1305 554 modo
1339 526 1491 565 corpus
1527 515 1641 568 prius
1674 515 1717 556 A
1753 528 1867 556 nune

398 584 567 616 motum
605 578 791 630 acquiret
821 573 940 625 Cb,
992 577 1162 617 alterius
1198 588 1301 617 vero
1336 575 1370 616 B
1408 586 1546 618 motus
1584 590 1868 633 componetur

397 653 454 681 ex
486 650 606 680 motu
645 640 681 681 C
703 639 742 681 D
780 650 823 679 et
859 637 894 679 C
916 639 964 687 b,
1017 641 1129 679 vnde
1166 640 1193 680 fi
1229 639 1490 693 compleatur
1525 642 1870 696 parallelogram-

396 702 735 751 mamCDab‚
774 704 875 743 istud
915 717 1064 758 corpus
1100 705 1181 744 iam
1222 714 1385 743 motum
1423 704 1592 744 habebit
1629 703 1719 746 Ca.
1773 705 1867 746 Vn-

398 769 451 808 de
485 776 614 820 patet,
644 778 783 808 motus
820 768 1039 818 vti-iusque
1075 768 1261 819 corporis
1296 780 1372 819 per
1390 768 1644 809 collisionem
1681 770 1792 809 inter
1826 770 1865 810 se

399 831 658 886 permutari,
705 832 764 870 ita
802 840 846 869 vt
879 830 1098 881 Vtriusque
1134 838 1277 868 motus
1314 828 1363 867 ab
1400 830 1535 869 altero
1578 834 1864 874 continuetur.

398 895 512 936 Hinc
559 906 655 933 cum
702 893 813 933 inter
858 891 954 932 bina
1001 890 1250 944 corpuscula
1286 890 1445 930 nullum
1482 892 1704 932 discrimen
1739 896 1868 936 inter·

398 958 536 1005 cedat,
572 965 684 997 totus
722 967 861 997 motus
897 955 936 996 se
970 954 1140 995 habebit
1176 967 1221 994 ac
1258 953 1286 994 fi
1321 963 1551 1007 Vtrumque
1571 957 1868 1009 corpusculum

400 1031 570 1063 motum
621 1021 789 1062 iufiturn
838 1021 921 1060 fine
957 1018 1043 1060 vlla
1079 1018 1313 1059 mutatione
1347 1018 1674 1071 prosequeretur
1696 1050 1706 1070 ,
1759 1020 1870 1061 vnde

400 1087 531 1125 etiam
571 1086 792 1138 vtriusque
829 1085 892 1125 vis
928 1083 1162 1137 centrifuga
1196 1081 1353 1124 nul-lam
1391 1083 1674 1125 mutationem
1709 1083 1764 1125 ob
1783 1084 1871 1126 col-

400 1149 596 1192 lifioncm
631 1149 795 1191 subibit.

592 1281 629 1330 ξ.
671 1291 740 1319 10.
809 1277 939 1332 Quod
985 1278 1014 1320 fi
1051 1278 1135 1320 iam
1178 1277 1280 1319 tales
1315 1277 1547 1319 collisiones
1581 1278 1624 1318 in
1659 1276 1869 1320 infinitum

407 1344 757 1399 multiplicentur,
793 1356 940 1383 omues
976 1353 1115 1383 motus
1152 1342 1426 1383 nihilominus
1457 1343 1500 1381 iu
1536 1342 1699 1383 circulis
1728 1343 1870 1396 sphae-

407 1422 480 1449 rae
518 1409 730 1457 maximis,
765 1417 809 1447 at
844 1419 945 1448 vero
982 1406 1199 1447 succeffiue
1237 1406 1285 1446 ab
1320 1408 1408 1447 aliis
1445 1406 1617 1459 aliisque
1644 1419 1874 1460 corpuscu-

405 1472 479 1521 lis,
532 1481 818 1526 peragentur.)
862 1471 1137 1524 quamobrem
1188 1484 1333 1511 omnes
1368 1472 1479 1511 vires
1516 1471 1773 1523 centrifugae
1807 1471 1872 1511 di·

407 1536 518 1578 reete
551 1551 574 1577 a
604 1547 752 1577 centro
781 1535 995 1584 recedent,
1028 1545 1072 1575 et
1091 1535 1263 1588 quidem
1285 1535 1430 1575 eadem
1452 1536 1685 1588 quantitate
1708 1535 1805 1602 ,fg-r.

598 1671 632 1719 §.
674 1683 742 1710 11.
812 1669 858 1710 In
909 1678 1029 1709 motu
1075 1682 1175 1723 ergo
1211 1670 1453 1719 vorticoso,
1500 1683 1626 1724 quem
1673 1668 1868 1710 materiae

410 1733 515 1776 a'e’ris
550 1736 758 1787 propriae,
795 1735 834 1773 in
872 1734 1040 1787 fingulis
1072 1734 1302 1787 ‘sphaerulis
1331 1736 1593 1782 memorat-is,
1629 1733 1867 1780 tribuimus,

409 1807 504 1838 tuto
557 1799 756 1838 assumere
806 1801 1050 1852 postumus,
1101 1810 1248 1838 omnes
1293 1798 1414 1851 plane
1451 1807 1591 1838 motus
1626 1797 1668 1835 in
1704 1795 1868 1836 circulis

412 1862 610 1902 maximis
648 1865 804 1915 peragi,
841 1873 963 1914 atque
998 1861 1169 1913 fingulas
1206 1861 1426 1914 particulas
1462 1861 1550 1915 pari
1587 1860 1629 1899 vi
1664 1859 1869 1900 centrifu-

408 1939 461 1979 ga
496 1940 519 1965 a
554 1937 704 1967 centro
742 1927 979 1980 sphaerulae
1015 1926 1205 1965 recedere
1224 1926 1391 1976 conari3
1425 1923 1698 1976 quamobrem
1720 1935 1868 1964 omnes

409 1989 681 2039 abiectiones,
719 2003 824 2044 quae
860 1990 962 2029 olim
999 1998 1145 2028 contra
1181 1990 1362 2028 vortices
1383 1986 1639 2028 Cartefi21nos
1663 1987 1756 2028 sunt
1775 1998 1869 2027 mo-

411 2064 493 2100 tae,
526 2066 701 2094 omnem
740 2066 826 2093 vim
865 2055 1075 2092 amittunt.
1142 2051 1293 2104 Neque
1328 2061 1470 2092 tamen
1498 2052 1656 2091 idcirco
1676 2051 1867 2099 arbitror,

412 2116 506 2156 illos
543 2116 719 2160 Cartefii
754 2118 934 2157 vortices
973 2115 1139 2154 admitti
1176 2116 1315 2167 posse,
1363 2125 1404 2155 at
1438 2128 1543 2156 vero
1576 2114 1637 2155 illi
1672 2116 1868 2164 vortices,

411 2192 486 2234 per
530 2193 635 2234 quos
686 2182 770 2224 Vir
808 2178 947 2222 celeb,
985 2178 1134 2220 Daniel
1164 2177 1369 2220 Bernoulli
1420 2179 1524 2221 olim
1576 2179 1868 2221 attractionem

1775 2254 1871 2283 vm-
