1981 2635
586 183 703 237 »ἓξὲξ
765 176 965 239 )235(
1025 181 1143 235 ἓίεὲω

140 309 244 343 tant.
326 297 514 345 Primus,
566 296 638 349 qui
690 294 1022 350 plioenomenon
1067 294 1164 338 hoc‘
1200 296 1244 337 in
1298 294 1372 339 illo
1419 298 1610 352 Puschkin

141 365 400 413 obseruauit‚
434 360 523 403 fuit?
551 362 650 401 eius*
675 361 840 410 seruus,
886 360 959 413 qui
994 372 1093 401 cum
1128 360 1351 404 detrahere
1386 364 1610 418 parabatur

140 430 303 472 sericea.
328 429 379 469 de
414 425 601 481 pedibus
624 425 786 466 domini
839 425 911 466 sui·
950 424 1130 478 tibialia,
1184 426 1365 467 admotis
1419 428 1609 472 manibus

139 494 255 537 illico
289 494 419 535 ictum
457 490 652 543 accepit,
689 490 909 532 scintillam
945 490 1096 539 vidit,-
1136 501 1178 532 et
1212 491 1397 546 repulsus
1452 495 1609 534 attoni-

140 567 288 611 tusque
325 557 373 598 ab
408 557 578 607 incepto
613 553 782 595 destitit.>
850 555 918 596 Ex
955 567 1006 595 eo
1049 555 1138 609 ipso
1174 566 1368 610 tempore
1404 559 1608 610 cognouit

142 620 354 677 Puschkin,
411 618 483 660 fibi
533 617 614 657 hoc
666 629 831 669 praeter
864 628 1094 663 „naturam
1132 620 1248 669 effe„
1286 630 1523 674 notumque
1568 623 1609 663 id

141 687 239 729 fecit
274 687 315 725 in
354 693 444 723 tota
478 680 580 721 vrb'e
617 678 659 718 in
697 692 777 732 qua
828 680 1009 730 habitat,
1061 681 1233 722 litteras*¹
1271 686 1398 725 etiam
1453 687 1609 740 scripfit

141 752 192 792 ad
243 747 455 788 illustrem·
499 743 735 785 Dominum
773 741 988 796 Mellffin0'‚
1042 743 1337 787 Vniuerfitatis
1385 746 1609 792 Caesareae

139 808 404 863 Mosquensis
441 805 720 850 Curatorem,
756 817 818 855 et,
854 809 968 861 quid·
991 822 1087 850 cum
1125 811 1213 863 ipso
1249 821 1421 863 agatur,
1472 815 1510 853 ei
1547 827 1611 855 re-

138 876 263 918 tulit..
333 872 459 914 Nunc
496 872 595 913 feress
633 884 794 912 omnes·
832 872 994 912 incolae
1031 873 1143 914 vrbis
1177 874 1386 917 Tobolskr
1422 889 1497 930 per
1534 891 1610 919 ex-

138 938 388 996 perientiam
425 946 606 983 norunt,
643 937 733 976 dari
767 936 822 975 in>
847 936 1021 977 homine
1055 937 1320 992 isto'ignem'
1345 940 1607 992 elestricurm

140 1005 212 1059 qui
247 1002 484 1055 fulgurante
537 1001 617 1042 istu
653 999 691 1040 se
727 1000 1001 1049 manifestats
1039 1014 1167 1054 quam
1218 1004 1406 1057 primum
1459 1018 1610 1047 manus

140 1069 242 1110 alius
294 1067 479 1107 hominis
512 1066 583 1107 vel
617 1076 906 1120 quaecunque:
927 1064 1020 1105 alizia
1055 1079 1166 1121 par5³
1203 1069 1393 1124 corporis
1428 1070 1504 1125 ipsi
1539 1071 1609 1112 ad-

141 1141 363 1175 mouetur„

330 1322 564 1364 Multifaria
599 1331 749 1364 autern*
768 1322 1061 1378 experimenta
1088 1322 1346 1376 docuerunt,
1384 1326 1608 1368 hominem

143 1391 266 1433 istum
301 1401 386 1429 non
423 1388 542 1428 omni
594 1397 782 1443 tempore
837 1401 912 1430 nec
948 1389 1019 1430 sub
1055 1393 1251 1434 omnibus
1287 1392 1609 1433 circumstantiis

146 1465 261 1498 tanta
311 1453 493 1507 gaudere
545 1453 709 1494 virtutis
762 1454 980 1495 electricae
1032 1457 1182 1508 copia,
1235 1467 1283 1498 vt
1316 1457 1386 1497 illa
1422 1457 1532 1497 clare
1569 1455 1609 1496 se

146 1519 402 1567 manifestet,
455 1518 590 1558 statim
625 1531 670 1559 ac
706 1522 795 1571 quis
832 1530 999 1573 tangere
1044 1519 1181 1573 ipsum
1242 1522 1481 1566 tentauerit,
1565 1519 1612 1563 Si

144 1598 209 1627 res
244 1584 302 1624 ita
337 1584 373 1623 se
407 1582 602 1632 haberet,
653 1593 868 1637 pateretur
902 1584 1081 1624 omnino
1117 1585 1228 1626 bona
1263 1588 1350 1629 eius
1386 1585 1611 1635 valetudo,

146 1662 229 1704 qua
277 1647 449 1696 fruitur,
501 1659 637 1700 neque
691 1648 761 1689 ille
815 1649 1028 1702 tangise
1064 1662 1086 1688 a
1121 1663 1377 1704 quocunque
1432 1650 1611 1701 sineret,

146 1726 243 1755 cum
297 1711 473 1752 attactus
507 1711 718 1762 aliorum,
769 1723 887 1753 certo
923 1722 1117 1766 tempore
1154 1716 1362 1769 certisque
1399 1714 1468 1755 sub
1507 1726 1611 1753 con-

146 1776 392 1826 ditionibus,
441 1775 512 1817 vel
547 1789 654 1817 nunc
708 1778 835 1818 etiam
871 1777 920 1818 fit
954 1777 1027 1831 ipfi
1063 1778 1322 1821 dolorificus.
1406 1778 1609 1820 Limitata

148 1842 250 1883 inest
281 1842 319 1882 ei
353 1841 491 1882 virtus
543 1840 761 1891 elestfica,
811 1855 918 1896 quae
955 1855 1039 1882 non
1076 1842 1148 1883 nisi
1200 1853 1390 1899 tempore
1436 1842 1610 1885 hiemali

150 1906 190 1946 se
220 1904 473 1958 manifestat;
523 1906 671 1947 aestate
705 1917 873 1954 autem,
907 1906 1010 1948 licet
1042 1920 1191 1949 ornnes
1228 1908 1436 1950 adfuerint
1472 1908 1612 1960 requi-

151 1968 248 2009 fitae
281 1971 571 2020 conditiones,
613 1971 724 2012 nulla
758 1974 845 2013 eius
883 1982 1086 2026 apparent
1121 1974 1289 2015 indicia.
1358 1974 1512 2015 Hieme
1548 1981 1611 2013 et-

154 2032 237 2072 iam
288 2036 536 2088 requiritur,
588 2048 635 2076 vt
668 2036 832 2077 laneum
871 2037 940 2077 ille
994 2037 1143 2090 plantis
1194 2039 1348 2093 pedum
1403 2038 1612 2091 supponat

153 2108 360 2151 pannum,
408 2111 450 2140 et
487 2100 662 2154 pellem,
715 2116 797 2150 qua
840 2102 1050 2152 induitur,
1103 2103 1174 2143 fibi
1225 2103 1388 2153 demat,
1442 2100 1612 2153 quando

156 2160 246 2202 aliis
280 2160 318 2202 se
353 2161 592 2207 eledhicum
634 2167 811 2221 probare
848 2167 1022 2220 surripit.
1107 2166 1223 2210 Cum
1255 2169 1369 2210 enim
1403 2164 1513 2222 pelle
1546 2164 1615 2205 in·

863 2229 902 2274 G
921 2244 948 2285 g
986 2243 1011 2271 2
1487 2228 1612 2270 dutus
