<?xml version="1.0" encoding="UTF-8"?>
<!DOCTYPE html PUBLIC "-//W3C//DTD XHTML 1.0 Transitional//EN"
    "http://www.w3.org/TR/xhtml1/DTD/xhtml1-transitional.dtd">
<html xmlns="http://www.w3.org/1999/xhtml" xml:lang="en" lang="en">
 <head>
  <title>
</title>
<meta http-equiv="Content-Type" content="text/html;charset=utf-8" />
  <meta name='ocr-system' content='tesseract 3.04.00' />
  <meta name='ocr-capabilities' content='ocr_page ocr_carea ocr_par ocr_line ocrx_word'/>
</head>
<body>
  <div class='ocr_page' id='page_1' title='image "./actaacademiaesci79impe_0248.png"; bbox 0 0 1981 2635; ppageno 0'>
   <div class='ocr_carea' id='block_1_1' title="bbox 823 93 1375 153">
    <p class='ocr_par' dir='ltr' id='par_1_1' title="bbox 823 93 1375 153">
     <span class='ocr_line' id='line_1_1' title="bbox 823 93 1375 153; baseline -0.004 -3"><span class='ocrx_word' id='word_1_1' title='bbox 823 99 938 150; x_wconf 48' lang='grc' dir='ltr'><strong>»ξε-’.ἒ</strong></span> <span class='ocrx_word' id='word_1_2' title='bbox 1002 93 1018 151; x_wconf 89' lang='grc'>)</span> <span class='ocrx_word' id='word_1_3' title='bbox 1059 109 1142 151; x_wconf 74' lang='lat'><strong>142</strong></span> <span class='ocrx_word' id='word_1_4' title='bbox 1180 95 1197 153; x_wconf 88' lang='lat'>(</span> <span class='ocrx_word' id='word_1_5' title='bbox 1261 98 1375 149; x_wconf 44' lang='lat' dir='ltr'><strong>&amp;Ie-23&amp;</strong></span> 
     </span>
    </p>
   </div>
   <div class='ocr_carea' id='block_1_2' title="bbox 860 218 1331 277">
    <p class='ocr_par' dir='ltr' id='par_1_2' title="bbox 860 218 1331 277">
     <span class='ocr_line' id='line_1_2' title="bbox 860 218 1331 277; baseline -0.004 -1"><span class='ocrx_word' id='word_1_6' title='bbox 860 218 1237 277; x_wconf 80' lang='lat' dir='ltr'><strong>Corollarium</strong></span> <span class='ocrx_word' id='word_1_7' title='bbox 1283 240 1331 275; x_wconf 85' lang='lat'><strong>2.</strong></span> 
     </span>
    </p>
   </div>
   <div class='ocr_carea' id='block_1_3' title="bbox 370 331 1837 514">
    <p class='ocr_par' dir='ltr' id='par_1_3' title="bbox 370 331 1837 514">
     <span class='ocr_line' id='line_1_3' title="bbox 558 331 1835 387; baseline 0.002 -17"><span class='ocrx_word' id='word_1_8' title='bbox 558 333 592 381; x_wconf 74' lang='grc' dir='ltr'><strong>ξ.</strong></span> <span class='ocrx_word' id='word_1_9' title='bbox 633 340 703 379; x_wconf 82' lang='lat'><strong>37.</strong></span> <span class='ocrx_word' id='word_1_10' title='bbox 790 332 949 387; x_wconf 71' lang='lat' dir='ltr'><strong>Quodsi</strong></span> <span class='ocrx_word' id='word_1_11' title='bbox 987 333 1105 373; x_wconf 79' lang='lat' dir='ltr'><strong>sonos</strong></span> <span class='ocrx_word' id='word_1_12' title='bbox 1140 331 1474 374; x_wconf 76' lang='lat' dir='ltr'><strong>fundamentales</strong></span> <span class='ocrx_word' id='word_1_13' title='bbox 1518 334 1710 375; x_wconf 87' lang='lat' dir='ltr'><strong>omnium</strong></span> <span class='ocrx_word' id='word_1_14' title='bbox 1755 332 1835 374; x_wconf 90' lang='lat' dir='ltr'><strong>ho-</strong></span> 
     </span>
     <span class='ocr_line' id='line_1_4' title="bbox 370 396 1835 448; baseline 0.001 -12"><span class='ocrx_word' id='word_1_15' title='bbox 370 408 464 436; x_wconf 82' lang='lat' dir='ltr'><strong>rum</strong></span> <span class='ocrx_word' id='word_1_16' title='bbox 502 406 679 447; x_wconf 78' lang='lat' dir='ltr'><strong>quatuor</strong></span> <span class='ocrx_word' id='word_1_17' title='bbox 715 397 902 445; x_wconf 82' lang='lat' dir='ltr'><strong>casuum,</strong></span> <span class='ocrx_word' id='word_1_18' title='bbox 941 410 1045 448; x_wconf 87' lang='lat' dir='ltr'><strong>quos</strong></span> <span class='ocrx_word' id='word_1_19' title='bbox 1081 398 1281 437; x_wconf 66' lang='lat' dir='ltr'><strong>haetenus</strong></span> <span class='ocrx_word' id='word_1_20' title='bbox 1330 396 1609 447; x_wconf 41' lang='lat' dir='ltr'><strong>miti-mimus,</strong></span> <span class='ocrx_word' id='word_1_21' title='bbox 1652 400 1761 438; x_wconf 88' lang='lat' dir='ltr'><strong>inter</strong></span> <span class='ocrx_word' id='word_1_22' title='bbox 1796 396 1835 437; x_wconf 85' lang='lat' dir='ltr'><strong>se</strong></span> 
     </span>
     <span class='ocr_line' id='line_1_5' title="bbox 371 460 1837 514; baseline 0 -14"><span class='ocrx_word' id='word_1_23' title='bbox 371 470 688 512; x_wconf 86' lang='lat' dir='ltr'><strong>comparemus,</strong></span> <span class='ocrx_word' id='word_1_24' title='bbox 724 461 806 499; x_wconf 85' lang='lat' dir='ltr'><strong>iam</strong></span> <span class='ocrx_word' id='word_1_25' title='bbox 843 460 1025 500; x_wconf 84' lang='lat' dir='ltr'><strong>vidimus</strong></span> <span class='ocrx_word' id='word_1_26' title='bbox 1047 491 1057 510; x_wconf 90' lang='lat'>‚</span> <span class='ocrx_word' id='word_1_27' title='bbox 1094 461 1121 500; x_wconf 87' lang='lat' dir='ltr'><strong>fi</strong></span> <span class='ocrx_word' id='word_1_28' title='bbox 1159 461 1278 501; x_wconf 89' lang='lat' dir='ltr'><strong>sonus</strong></span> <span class='ocrx_word' id='word_1_29' title='bbox 1315 462 1441 514; x_wconf 85' lang='lat' dir='ltr'><strong>primi</strong></span> <span class='ocrx_word' id='word_1_30' title='bbox 1478 462 1590 502; x_wconf 85' lang='lat' dir='ltr'><strong>casus</strong></span> <span class='ocrx_word' id='word_1_31' title='bbox 1626 462 1837 514; x_wconf 85' lang='lat' dir='ltr'><strong>exprima-</strong></span> 
     </span>
    </p>
   </div>
   <div class='ocr_carea' id='block_1_4' title="bbox 581 520 667 528">
    <p class='ocr_par' dir='ltr' id='par_1_4' title="bbox 581 520 667 528">
     <span class='ocr_line' id='line_1_6' title="bbox 581 520 667 528; baseline 0 0"><span class='ocrx_word' id='word_1_32' title='bbox 581 520 667 528; x_wconf 34' lang='grc' dir='ltr'><strong>ᾗ</strong></span> 
     </span>
    </p>
   </div>
   <div class='ocr_carea' id='block_1_5' title="bbox 371 519 1838 713">
    <p class='ocr_par' dir='ltr' id='par_1_5' title="bbox 371 519 1838 713">
     <span class='ocr_line' id='line_1_7' title="bbox 371 519 1836 589; baseline -0.001 -17"><span class='ocrx_word' id='word_1_33' title='bbox 371 541 437 572; x_wconf 86' lang='lat' dir='ltr'><strong>tur</strong></span> <span class='ocrx_word' id='word_1_34' title='bbox 473 544 545 585; x_wconf 86' lang='lat' dir='ltr'><strong>per</strong></span> <span class='ocrx_word' id='word_1_35' title='bbox 578 535 665 585; x_wconf 78' lang='lat' dir='ltr'><strong>gis,</strong></span> <span class='ocrx_word' id='word_1_36' title='bbox 703 545 780 585; x_wconf 87' lang='lat' dir='ltr'><strong>pro</strong></span> <span class='ocrx_word' id='word_1_37' title='bbox 816 532 997 573; x_wconf 87' lang='lat' dir='ltr'><strong>secundo</strong></span> <span class='ocrx_word' id='word_1_38' title='bbox 1034 533 1125 573; x_wconf 86' lang='lat' dir='ltr'><strong>casu</strong></span> <span class='ocrx_word' id='word_1_39' title='bbox 1161 547 1258 574; x_wconf 89' lang='lat' dir='ltr'><strong>eum</strong></span> <span class='ocrx_word' id='word_1_40' title='bbox 1295 533 1384 573; x_wconf 83' lang='lat' dir='ltr'><strong>fore</strong></span> <span class='ocrx_word' id='word_1_41' title='bbox 1414 519 1467 580; x_wconf 60' lang='grc' dir='ltr'><strong>ἶ,</strong></span> <span class='ocrx_word' id='word_1_42' title='bbox 1512 545 1557 572; x_wconf 87' lang='lat' dir='ltr'><strong>ac</strong></span> <span class='ocrx_word' id='word_1_43' title='bbox 1594 543 1673 585; x_wconf 90' lang='lat' dir='ltr'><strong>pro</strong></span> <span class='ocrx_word' id='word_1_44' title='bbox 1708 531 1836 589; x_wconf 67' lang='lat' dir='ltr'><strong>tertio</strong></span> 
     </span>
     <span class='ocr_line' id='line_1_8' title="bbox 373 592 1838 653; baseline -0.001 -17"><span class='ocrx_word' id='word_1_45' title='bbox 373 592 425 644; x_wconf 88' lang='lat' dir='ltr'><strong>C,</strong></span> <span class='ocrx_word' id='word_1_46' title='bbox 462 596 534 648; x_wconf 87' lang='lat' dir='ltr'><strong>qui</strong></span> <span class='ocrx_word' id='word_1_47' title='bbox 569 596 657 638; x_wconf 79' lang='lat' dir='ltr'><strong>soni</strong></span> <span class='ocrx_word' id='word_1_48' title='bbox 693 597 756 636; x_wconf 83' lang='lat' dir='ltr'><strong>his</strong></span> <span class='ocrx_word' id='word_1_49' title='bbox 793 597 979 653; x_wconf 79' lang='lat' dir='ltr'><strong>numeris</strong></span> <span class='ocrx_word' id='word_1_50' title='bbox 1011 598 1331 651; x_wconf 81' lang='lat' dir='ltr'><strong>exprimuntur:</strong></span> <span class='ocrx_word' id='word_1_51' title='bbox 1366 599 1480 650; x_wconf 70' lang='lat'>{‚}{,</span> <span class='ocrx_word' id='word_1_52' title='bbox 1502 599 1546 648; x_wconf 53' lang='grc' dir='ltr'><strong>ἕξ.</strong></span> <span class='ocrx_word' id='word_1_53' title='bbox 1591 595 1703 635; x_wconf 88' lang='lat' dir='ltr'><strong>Hinc</strong></span> <span class='ocrx_word' id='word_1_54' title='bbox 1740 606 1838 634; x_wconf 91' lang='lat' dir='ltr'><strong>cum</strong></span> 
     </span>
     <span class='ocr_line' id='line_1_9' title="bbox 372 657 1838 713; baseline -0.001 -15"><span class='ocrx_word' id='word_1_55' title='bbox 372 659 576 712; x_wconf 79' lang='lat' dir='ltr'>praesenti</span> <span class='ocrx_word' id='word_1_56' title='bbox 613 663 702 702; x_wconf 80' lang='lat' dir='ltr'><strong>casu</strong></span> <span class='ocrx_word' id='word_1_57' title='bbox 742 670 887 712; x_wconf 77' lang='lat' dir='ltr'><strong>quarto</strong></span> <span class='ocrx_word' id='word_1_58' title='bbox 924 660 1043 700; x_wconf 85' lang='lat' dir='ltr'><strong>sonus</strong></span> <span class='ocrx_word' id='word_1_59' title='bbox 1094 660 1413 701; x_wconf 83' lang='lat' dir='ltr'><strong>fundamentalis</strong></span> <span class='ocrx_word' id='word_1_60' title='bbox 1449 660 1710 713; x_wconf 80' lang='lat' dir='ltr'>exprimatur</span> <span class='ocrx_word' id='word_1_61' title='bbox 1748 657 1838 698; x_wconf 90' lang='lat' dir='ltr'><strong>vni-</strong></span> 
     </span>
    </p>
   </div>
   <div class='ocr_carea' id='block_1_6' title="bbox 373 723 1771 848">
    <p class='ocr_par' dir='ltr' id='par_1_6' title="bbox 373 723 1771 848">
     <span class='ocr_line' id='line_1_10' title="bbox 373 723 1771 775; baseline -0.001 -13"><span class='ocrx_word' id='word_1_62' title='bbox 373 732 473 772; x_wconf 89' lang='lat' dir='ltr'><strong>tate‚</strong></span> <span class='ocrx_word' id='word_1_63' title='bbox 510 723 631 764; x_wconf 88' lang='lat' dir='ltr'><strong>sonus</strong></span> <span class='ocrx_word' id='word_1_64' title='bbox 667 724 746 765; x_wconf 87' lang='lat' dir='ltr'><strong>erit</strong></span> <span class='ocrx_word' id='word_1_65' title='bbox 771 723 854 774; x_wconf 76' lang='lat' dir='ltr'><strong>fis3</strong></span> <span class='ocrx_word' id='word_1_66' title='bbox 891 724 1036 763; x_wconf 83' lang='lat' dir='ltr'><strong>seriem</strong></span> <span class='ocrx_word' id='word_1_67' title='bbox 1073 724 1199 775; x_wconf 81' lang='lat' dir='ltr'><strong>igitur</strong></span> <span class='ocrx_word' id='word_1_68' title='bbox 1235 724 1317 765; x_wconf 91' lang='lat' dir='ltr'><strong>hoc</strong></span> <span class='ocrx_word' id='word_1_69' title='bbox 1354 725 1482 765; x_wconf 84' lang='lat' dir='ltr'><strong>modo</strong></span> <span class='ocrx_word' id='word_1_70' title='bbox 1521 723 1771 764; x_wconf 81' lang='lat' dir='ltr'><strong>referamus:</strong></span> 
     </span>
     <span class='ocr_line' id='line_1_11' title="bbox 561 796 1455 848; baseline -0.001 -9"><span class='ocrx_word' id='word_1_71' title='bbox 561 798 595 839; x_wconf 87' lang='grc' dir='ltr'><strong>Ι.</strong></span> <span class='ocrx_word' id='word_1_72' title='bbox 663 801 701 848; x_wconf 69' lang='grc' dir='ltr'><strong>Ξ.</strong></span> <span class='ocrx_word' id='word_1_73' title='bbox 807 796 1157 843; x_wconf 73' lang='lat'>11.²,{.111.</span> <span class='ocrx_word' id='word_1_74' title='bbox 1226 799 1278 845; x_wconf 60' lang='lat'><strong>{³3-</strong></span> <span class='ocrx_word' id='word_1_75' title='bbox 1376 799 1455 838; x_wconf 82' lang='lat' dir='ltr'><strong>IV.</strong></span> 
     </span>
    </p>
   </div>
   <div class='ocr_carea' id='block_1_7' title="bbox 640 827 1576 920">
    <p class='ocr_par' dir='ltr' id='par_1_7' title="bbox 640 827 1576 920">
     <span class='ocr_line' id='line_1_12' title="bbox 640 827 1576 920; baseline 0 -15"><span class='ocrx_word' id='word_1_76' title='bbox 640 857 704 920; x_wconf 58' lang='lat' dir='ltr'><em>ff</em></span> <span class='ocrx_word' id='word_1_77' title='bbox 927 866 956 905; x_wconf 81' lang='lat' dir='ltr'><em>d</em></span> <span class='ocrx_word' id='word_1_78' title='bbox 1220 863 1256 905; x_wconf 87' lang='lat' dir='ltr'>C</span> <span class='ocrx_word' id='word_1_79' title='bbox 1497 827 1576 917; x_wconf 45' lang='lat' dir='ltr'><strong>fif</strong></span> 
     </span>
    </p>
   </div>
   <div class='ocr_carea' id='block_1_8' title="bbox 957 979 1235 1038">
    <p class='ocr_par' dir='ltr' id='par_1_8' title="bbox 957 979 1235 1038">
     <span class='ocr_line' id='line_1_13' title="bbox 957 979 1235 1038; baseline -0.007 -1"><span class='ocrx_word' id='word_1_80' title='bbox 957 979 1235 1038; x_wconf 79' lang='lat' dir='ltr'><strong>Scholion.</strong></span> 
     </span>
    </p>
   </div>
   <div class='ocr_carea' id='block_1_9' title="bbox 380 1080 1850 2204">
    <p class='ocr_par' dir='ltr' id='par_1_9' title="bbox 380 1080 1850 2157">
     <span class='ocr_line' id='line_1_14' title="bbox 567 1080 1843 1135; baseline -0.004 -11"><span class='ocrx_word' id='word_1_81' title='bbox 567 1086 601 1133; x_wconf 65' lang='grc' dir='ltr'><strong>ξ.</strong></span> <span class='ocrx_word' id='word_1_82' title='bbox 641 1091 712 1132; x_wconf 85' lang='grc'><strong>38.</strong></span> <span class='ocrx_word' id='word_1_83' title='bbox 795 1083 877 1123; x_wconf 86' lang='lat' dir='ltr'><strong>Hic</strong></span> <span class='ocrx_word' id='word_1_84' title='bbox 913 1083 1039 1135; x_wconf 84' lang='lat' dir='ltr'><strong>igitur</strong></span> <span class='ocrx_word' id='word_1_85' title='bbox 1075 1083 1207 1133; x_wconf 84' lang='lat' dir='ltr'><strong>casus,</strong></span> <span class='ocrx_word' id='word_1_86' title='bbox 1243 1093 1330 1135; x_wconf 89' lang='lat' dir='ltr'><strong>quo</strong></span> <span class='ocrx_word' id='word_1_87' title='bbox 1365 1089 1544 1135; x_wconf 75' lang='lat' dir='ltr'><strong>vterque</strong></span> <span class='ocrx_word' id='word_1_88' title='bbox 1581 1080 1723 1133; x_wconf 72' lang='lat' dir='ltr'><strong>virgae</strong></span> <span class='ocrx_word' id='word_1_89' title='bbox 1761 1087 1843 1120; x_wconf 88' lang='lat' dir='ltr'><strong>ter-</strong></span> 
     </span>
     <span class='ocr_line' id='line_1_15' title="bbox 380 1144 1843 1201; baseline -0.005 -11"><span class='ocrx_word' id='word_1_90' title='bbox 380 1150 518 1191; x_wconf 85' lang='lat' dir='ltr'><strong>minus</strong></span> <span class='ocrx_word' id='word_1_91' title='bbox 555 1148 798 1201; x_wconf 83' lang='lat' dir='ltr'><strong>fimpliciter</strong></span> <span class='ocrx_word' id='word_1_92' title='bbox 833 1147 889 1187; x_wconf 89' lang='lat' dir='ltr'><strong>est</strong></span> <span class='ocrx_word' id='word_1_93' title='bbox 924 1146 1057 1194; x_wconf 86' lang='lat' dir='ltr'><strong>fixus,</strong></span> <span class='ocrx_word' id='word_1_94' title='bbox 1092 1159 1192 1199; x_wconf 85' lang='lat' dir='ltr'><strong>prae</strong></span> <span class='ocrx_word' id='word_1_95' title='bbox 1241 1145 1409 1199; x_wconf 76' lang='lat' dir='ltr'><strong>reliquis</strong></span> <span class='ocrx_word' id='word_1_96' title='bbox 1445 1145 1522 1185; x_wconf 83' lang='lat' dir='ltr'><strong>hac</strong></span> <span class='ocrx_word' id='word_1_97' title='bbox 1559 1144 1707 1197; x_wconf 78' lang='lat' dir='ltr'><strong>insigni</strong></span> <span class='ocrx_word' id='word_1_98' title='bbox 1739 1156 1843 1197; x_wconf 60' lang='lat' dir='ltr'><strong>gau«</strong></span> 
     </span>
     <span class='ocr_line' id='line_1_16' title="bbox 381 1209 1842 1266; baseline -0.005 -13"><span class='ocrx_word' id='word_1_99' title='bbox 381 1214 453 1254; x_wconf 83' lang='lat' dir='ltr'><strong>det</strong></span> <span class='ocrx_word' id='word_1_100' title='bbox 505 1213 820 1266; x_wconf 81' lang='lat' dir='ltr'><strong>praerogatiua,</strong></span> <span class='ocrx_word' id='word_1_101' title='bbox 870 1212 983 1263; x_wconf 84' lang='lat' dir='ltr'><strong>quod</strong></span> <span class='ocrx_word' id='word_1_102' title='bbox 1020 1223 1165 1249; x_wconf 85' lang='lat' dir='ltr'><strong>omnes</strong></span> <span class='ocrx_word' id='word_1_103' title='bbox 1203 1210 1366 1249; x_wconf 83' lang='lat' dir='ltr'><strong>valores</strong></span> <span class='ocrx_word' id='word_1_104' title='bbox 1405 1209 1547 1262; x_wconf 78' lang='lat' dir='ltr'><strong>anguli</strong></span> <span class='ocrx_word' id='word_1_105' title='bbox 1584 1224 1611 1250; x_wconf 90' lang='grc' dir='ltr'>ω</span> <span class='ocrx_word' id='word_1_106' title='bbox 1650 1216 1842 1248; x_wconf 85' lang='lat' dir='ltr'><strong>accurate</strong></span> 
     </span>
     <span class='ocr_line' id='line_1_17' title="bbox 382 1270 1844 1327; baseline -0.005 -10"><span class='ocrx_word' id='word_1_107' title='bbox 382 1278 464 1318; x_wconf 87' lang='lat' dir='ltr'><strong>fine</strong></span> <span class='ocrx_word' id='word_1_108' title='bbox 500 1277 588 1316; x_wconf 86' lang='lat' dir='ltr'><strong>vllo</strong></span> <span class='ocrx_word' id='word_1_109' title='bbox 625 1286 766 1316; x_wconf 81' lang='lat' dir='ltr'><strong>errore</strong></span> <span class='ocrx_word' id='word_1_110' title='bbox 802 1274 976 1315; x_wconf 82' lang='lat' dir='ltr'><strong>definire</strong></span> <span class='ocrx_word' id='word_1_111' title='bbox 1013 1274 1146 1322; x_wconf 86' lang='lat' dir='ltr'><strong>licuit,</strong></span> <span class='ocrx_word' id='word_1_112' title='bbox 1203 1285 1425 1327; x_wconf 83' lang='lat' dir='ltr'><strong>propterea</strong></span> <span class='ocrx_word' id='word_1_113' title='bbox 1476 1272 1588 1325; x_wconf 82' lang='lat' dir='ltr'><strong>quod</strong></span> <span class='ocrx_word' id='word_1_114' title='bbox 1639 1270 1844 1311; x_wconf 80' lang='lat' dir='ltr'><strong>formulae</strong></span> 
     </span>
     <span class='ocr_line' id='line_1_18' title="bbox 383 1335 1845 1394; baseline -0.006 -13"><span class='ocrx_word' id='word_1_115' title='bbox 383 1340 723 1394; x_wconf 79' lang='lat' dir='ltr'><strong>exponentiales,</strong></span> <span class='ocrx_word' id='word_1_116' title='bbox 778 1351 884 1390; x_wconf 84' lang='lat' dir='ltr'><strong>quae</strong></span> <span class='ocrx_word' id='word_1_117' title='bbox 920 1338 1024 1378; x_wconf 85' lang='lat' dir='ltr'><strong>hanc</strong></span> <span class='ocrx_word' id='word_1_118' title='bbox 1087 1337 1478 1377; x_wconf 71' lang='lat' dir='ltr'><strong>determinationem</strong></span> <span class='ocrx_word' id='word_1_119' title='bbox 1531 1335 1750 1376; x_wconf 72' lang='lat' dir='ltr'><strong>turbabant</strong></span> <span class='ocrx_word' id='word_1_120' title='bbox 1802 1343 1845 1373; x_wconf 86' lang='lat' dir='ltr'><strong>et</strong></span> 
     </span>
     <span class='ocr_line' id='line_1_19' title="bbox 385 1399 1847 1456; baseline -0.003 -13"><span class='ocrx_word' id='word_1_121' title='bbox 385 1417 470 1444; x_wconf 85' lang='lat' dir='ltr'><strong>non</strong></span> <span class='ocrx_word' id='word_1_122' title='bbox 507 1416 652 1456; x_wconf 83' lang='lat' dir='ltr'><strong>parum</strong></span> <span class='ocrx_word' id='word_1_123' title='bbox 690 1403 958 1454; x_wconf 74' lang='lat' dir='ltr'><strong>irregularem</strong></span> <span class='ocrx_word' id='word_1_124' title='bbox 996 1401 1232 1448; x_wconf 74' lang='lat' dir='ltr'><strong>reddebant,</strong></span> <span class='ocrx_word' id='word_1_125' title='bbox 1271 1401 1430 1454; x_wconf 85' lang='lat' dir='ltr'><strong>penitus</strong></span> <span class='ocrx_word' id='word_1_126' title='bbox 1467 1413 1522 1440; x_wconf 85' lang='lat' dir='ltr'><strong>ex</strong></span> <span class='ocrx_word' id='word_1_127' title='bbox 1558 1399 1717 1440; x_wconf 77' lang='lat' dir='ltr'><strong>calculo</strong></span> <span class='ocrx_word' id='word_1_128' title='bbox 1747 1410 1847 1438; x_wconf 78' lang='lat' dir='ltr'><strong>eua-</strong></span> 
     </span>
     <span class='ocr_line' id='line_1_20' title="bbox 384 1462 1844 1517; baseline -0.005 -9"><span class='ocrx_word' id='word_1_129' title='bbox 384 1476 592 1517; x_wconf 72' lang='lat' dir='ltr'><strong>nuerunt3</strong></span> <span class='ocrx_word' id='word_1_130' title='bbox 646 1466 755 1505; x_wconf 85' lang='lat' dir='ltr'><strong>vnde</strong></span> <span class='ocrx_word' id='word_1_131' title='bbox 808 1466 895 1505; x_wconf 88' lang='lat' dir='ltr'><strong>soni</strong></span> <span class='ocrx_word' id='word_1_132' title='bbox 946 1465 1026 1504; x_wconf 86' lang='lat' dir='ltr'><strong>hoc</strong></span> <span class='ocrx_word' id='word_1_133' title='bbox 1063 1465 1153 1505; x_wconf 85' lang='lat' dir='ltr'><strong>casu</strong></span> <span class='ocrx_word' id='word_1_134' title='bbox 1189 1465 1289 1504; x_wconf 84' lang='lat' dir='ltr'><strong>editi</strong></span> <span class='ocrx_word' id='word_1_135' title='bbox 1328 1465 1461 1504; x_wconf 81' lang='lat' dir='ltr'><strong>multo</strong></span> <span class='ocrx_word' id='word_1_136' title='bbox 1498 1464 1628 1516; x_wconf 78' lang='lat' dir='ltr'><strong>magis</strong></span> <span class='ocrx_word' id='word_1_137' title='bbox 1666 1464 1713 1502; x_wconf 83' lang='lat' dir='ltr'><strong>ad</strong></span> <span class='ocrx_word' id='word_1_138' title='bbox 1750 1462 1844 1501; x_wconf 83' lang='lat' dir='ltr'><strong>har-</strong></span> 
     </span>
     <span class='ocr_line' id='line_1_21' title="bbox 387 1527 1847 1580; baseline -0.005 -8"><span class='ocrx_word' id='word_1_139' title='bbox 387 1533 574 1574; x_wconf 82' lang='lat' dir='ltr'><strong>moniam</strong></span> <span class='ocrx_word' id='word_1_140' title='bbox 612 1532 702 1568; x_wconf 84' lang='lat' dir='ltr'><strong>sunt</strong></span> <span class='ocrx_word' id='word_1_141' title='bbox 738 1530 1076 1578; x_wconf 81' lang='lat' dir='ltr'><strong>accommodati,</strong></span> <span class='ocrx_word' id='word_1_142' title='bbox 1112 1538 1152 1568; x_wconf 85' lang='lat' dir='ltr'><strong>et</strong></span> <span class='ocrx_word' id='word_1_143' title='bbox 1185 1529 1354 1580; x_wconf 73' lang='lat' dir='ltr'><strong>quidem</strong></span> <span class='ocrx_word' id='word_1_144' title='bbox 1388 1527 1519 1567; x_wconf 84' lang='lat' dir='ltr'><strong>adhuc</strong></span> <span class='ocrx_word' id='word_1_145' title='bbox 1558 1528 1688 1580; x_wconf 82' lang='lat' dir='ltr'><strong>magis</strong></span> <span class='ocrx_word' id='word_1_146' title='bbox 1724 1537 1847 1577; x_wconf 84' lang='lat' dir='ltr'><strong>quam</strong></span> 
     </span>
     <span class='ocr_line' id='line_1_22' title="bbox 388 1589 1847 1644; baseline -0.006 -8"><span class='ocrx_word' id='word_1_147' title='bbox 388 1599 430 1637; x_wconf 92' lang='lat' dir='ltr'><strong>in</strong></span> <span class='ocrx_word' id='word_1_148' title='bbox 469 1594 637 1634; x_wconf 78' lang='lat' dir='ltr'><strong>chordis</strong></span> <span class='ocrx_word' id='word_1_149' title='bbox 675 1592 926 1644; x_wconf 79' lang='lat' dir='ltr'><strong>simplicibus</strong></span> <span class='ocrx_word' id='word_1_150' title='bbox 962 1592 1032 1631; x_wconf 84' lang='lat' dir='ltr'><strong>vsu</strong></span> <span class='ocrx_word' id='word_1_151' title='bbox 1071 1593 1197 1631; x_wconf 82' lang='lat' dir='ltr'><strong>venit.</strong></span> <span class='ocrx_word' id='word_1_152' title='bbox 1278 1589 1388 1631; x_wconf 87' lang='lat' dir='ltr'><strong>Cum</strong></span> <span class='ocrx_word' id='word_1_153' title='bbox 1425 1592 1537 1632; x_wconf 84' lang='lat' dir='ltr'><strong>enim</strong></span> <span class='ocrx_word' id='word_1_154' title='bbox 1575 1591 1663 1631; x_wconf 84' lang='lat' dir='ltr'><strong>soni</strong></span> <span class='ocrx_word' id='word_1_155' title='bbox 1699 1590 1745 1628; x_wconf 89' lang='lat' dir='ltr'><strong>ab</strong></span> <span class='ocrx_word' id='word_1_156' title='bbox 1781 1601 1847 1628; x_wconf 78' lang='lat' dir='ltr'><strong>ea=</strong></span> 
     </span>
     <span class='ocr_line' id='line_1_23' title="bbox 391 1655 1845 1704; baseline -0.007 -3"><span class='ocrx_word' id='word_1_157' title='bbox 391 1663 485 1701; x_wconf 82' lang='lat' dir='ltr'><strong>dem</strong></span> <span class='ocrx_word' id='word_1_158' title='bbox 540 1657 692 1697; x_wconf 83' lang='lat' dir='ltr'><strong>chorda</strong></span> <span class='ocrx_word' id='word_1_159' title='bbox 745 1657 843 1696; x_wconf 86' lang='lat' dir='ltr'><strong>editi</strong></span> <span class='ocrx_word' id='word_1_160' title='bbox 895 1655 1118 1695; x_wconf 77' lang='lat' dir='ltr'><strong>secundum</strong></span> <span class='ocrx_word' id='word_1_161' title='bbox 1173 1668 1370 1695; x_wconf 82' lang='lat' dir='ltr'><strong>numeros</strong></span> <span class='ocrx_word' id='word_1_162' title='bbox 1411 1668 1459 1704; x_wconf 83' lang='lat'><strong>1,</strong></span> <span class='ocrx_word' id='word_1_163' title='bbox 1500 1668 1548 1703; x_wconf 83' lang='lat'><strong>2,</strong></span> <span class='ocrx_word' id='word_1_164' title='bbox 1597 1667 1644 1703; x_wconf 82' lang='lat'><strong>3,</strong></span> <span class='ocrx_word' id='word_1_165' title='bbox 1689 1666 1719 1702; x_wconf 88' lang='lat'>4</span> <span class='ocrx_word' id='word_1_166' title='bbox 1765 1660 1845 1691; x_wconf 84' lang='lat' dir='ltr'><strong>ete.</strong></span> 
     </span>
     <span class='ocr_line' id='line_1_24' title="bbox 391 1714 1847 1779; baseline -0.005 -18"><span class='ocrx_word' id='word_1_167' title='bbox 391 1722 739 1779; x_wconf 77' lang='lat' dir='ltr'><strong>progrediantur,</strong></span> <span class='ocrx_word' id='word_1_168' title='bbox 798 1720 883 1760; x_wconf 86' lang='lat' dir='ltr'><strong>fere</strong></span> <span class='ocrx_word' id='word_1_169' title='bbox 941 1719 1100 1772; x_wconf 88' lang='lat' dir='ltr'><strong>semper</strong></span> <span class='ocrx_word' id='word_1_170' title='bbox 1151 1719 1287 1772; x_wconf 87' lang='lat' dir='ltr'><strong>plures</strong></span> <span class='ocrx_word' id='word_1_171' title='bbox 1341 1718 1494 1759; x_wconf 86' lang='lat' dir='ltr'><strong>horum</strong></span> <span class='ocrx_word' id='word_1_172' title='bbox 1547 1718 1745 1758; x_wconf 89' lang='lat' dir='ltr'><strong>sonorum</strong></span> <span class='ocrx_word' id='word_1_173' title='bbox 1799 1714 1847 1753; x_wconf 86' lang='lat' dir='ltr'><strong>fi-</strong></span> 
     </span>
     <span class='ocr_line' id='line_1_25' title="bbox 392 1780 1848 1836; baseline -0.005 -10"><span class='ocrx_word' id='word_1_174' title='bbox 392 1787 481 1828; x_wconf 86' lang='lat' dir='ltr'><strong>mul</strong></span> <span class='ocrx_word' id='word_1_175' title='bbox 516 1785 762 1833; x_wconf 76' lang='lat' dir='ltr'><strong>audiuntur,</strong></span> <span class='ocrx_word' id='word_1_176' title='bbox 808 1785 918 1824; x_wconf 88' lang='lat' dir='ltr'><strong>inter</strong></span> <span class='ocrx_word' id='word_1_177' title='bbox 952 1796 1055 1834; x_wconf 84' lang='lat' dir='ltr'><strong>quos</strong></span> <span class='ocrx_word' id='word_1_178' title='bbox 1108 1784 1234 1823; x_wconf 85' lang='lat' dir='ltr'><strong>etiam</strong></span> <span class='ocrx_word' id='word_1_179' title='bbox 1281 1796 1363 1823; x_wconf 87' lang='lat' dir='ltr'><strong>non</strong></span> <span class='ocrx_word' id='word_1_180' title='bbox 1412 1795 1557 1836; x_wconf 87' lang='lat' dir='ltr'><strong>parum</strong></span> <span class='ocrx_word' id='word_1_181' title='bbox 1594 1780 1740 1821; x_wconf 81' lang='lat' dir='ltr'><strong>diffoni</strong></span> <span class='ocrx_word' id='word_1_182' title='bbox 1776 1790 1848 1817; x_wconf 89' lang='lat' dir='ltr'><strong>oc-</strong></span> 
     </span>
     <span class='ocr_line' id='line_1_26' title="bbox 394 1841 1847 1902; baseline -0.008 -11"><span class='ocrx_word' id='word_1_183' title='bbox 394 1863 559 1892; x_wconf 77' lang='lat' dir='ltr'><strong>currere</strong></span> <span class='ocrx_word' id='word_1_184' title='bbox 612 1849 789 1902; x_wconf 79' lang='lat' dir='ltr'><strong>possunt.</strong></span> <span class='ocrx_word' id='word_1_185' title='bbox 883 1847 1050 1887; x_wconf 90' lang='lat' dir='ltr'><strong>Verum</strong></span> <span class='ocrx_word' id='word_1_186' title='bbox 1103 1848 1198 1899; x_wconf 84' lang='lat' dir='ltr'><strong>quia</strong></span> <span class='ocrx_word' id='word_1_187' title='bbox 1233 1861 1255 1887; x_wconf 84' lang='lat' dir='ltr'><strong>a</strong></span> <span class='ocrx_word' id='word_1_188' title='bbox 1290 1848 1426 1888; x_wconf 83' lang='lat' dir='ltr'><strong>nostra</strong></span> <span class='ocrx_word' id='word_1_189' title='bbox 1472 1847 1588 1897; x_wconf 80' lang='lat' dir='ltr'><strong>virga</strong></span> <span class='ocrx_word' id='word_1_190' title='bbox 1637 1843 1705 1882; x_wconf 82' lang='lat' dir='ltr'><strong>alii</strong></span> <span class='ocrx_word' id='word_1_191' title='bbox 1758 1841 1847 1881; x_wconf 85' lang='lat' dir='ltr'><strong>soni</strong></span> 
     </span>
     <span class='ocr_line' id='line_1_27' title="bbox 395 1906 1847 1966; baseline -0.007 -12"><span class='ocrx_word' id='word_1_192' title='bbox 395 1916 459 1956; x_wconf 81' lang='lat' dir='ltr'><strong>edi</strong></span> <span class='ocrx_word' id='word_1_193' title='bbox 496 1926 579 1952; x_wconf 81' lang='lat' dir='ltr'><strong>non</strong></span> <span class='ocrx_word' id='word_1_194' title='bbox 617 1914 797 1966; x_wconf 72' lang='lat' dir='ltr'><strong>possunt,</strong></span> <span class='ocrx_word' id='word_1_195' title='bbox 835 1911 907 1951; x_wconf 78' lang='lat' dir='ltr'><strong>nisi</strong></span> <span class='ocrx_word' id='word_1_196' title='bbox 944 1912 1014 1964; x_wconf 89' lang='lat' dir='ltr'><strong>qui</strong></span> <span class='ocrx_word' id='word_1_197' title='bbox 1050 1911 1229 1951; x_wconf 83' lang='lat' dir='ltr'><strong>numeris</strong></span> <span class='ocrx_word' id='word_1_198' title='bbox 1271 1926 1308 1959; x_wconf 78' lang='lat'><strong>1,</strong></span> <span class='ocrx_word' id='word_1_199' title='bbox 1340 1925 1386 1960; x_wconf 82' lang='lat'><strong>4,</strong></span> <span class='ocrx_word' id='word_1_200' title='bbox 1418 1924 1461 1959; x_wconf 88' lang='lat'><strong>9,</strong></span> <span class='ocrx_word' id='word_1_201' title='bbox 1504 1912 1573 1957; x_wconf 90' lang='lat'><strong>16,</strong></span> <span class='ocrx_word' id='word_1_202' title='bbox 1614 1919 1666 1955; x_wconf 67' lang='grc' dir='ltr'><strong>εις</strong></span> <span class='ocrx_word' id='word_1_203' title='bbox 1706 1906 1847 1958; x_wconf 83' lang='lat' dir='ltr'><strong>expri-</strong></span> 
     </span>
     <span class='ocr_line' id='line_1_28' title="bbox 401 1970 1847 2028; baseline -0.007 -10"><span class='ocrx_word' id='word_1_204' title='bbox 401 1989 593 2025; x_wconf 79' lang='lat' dir='ltr'><strong>muntur,</strong></span> <span class='ocrx_word' id='word_1_205' title='bbox 647 1985 812 2028; x_wconf 81' lang='lat' dir='ltr'><strong>praeter</strong></span> <span class='ocrx_word' id='word_1_206' title='bbox 871 1974 1223 2016; x_wconf 79' lang='lat' dir='ltr'><strong>fundamentalem</strong></span> <span class='ocrx_word' id='word_1_207' title='bbox 1287 1973 1540 2027; x_wconf 80' lang='lat' dir='ltr'><strong>pOtlffimum</strong></span> <span class='ocrx_word' id='word_1_208' title='bbox 1593 1970 1847 2012; x_wconf 86' lang='lat' dir='ltr'><strong>exaudietur</strong></span> 
     </span>
     <span class='ocr_line' id='line_1_29' title="bbox 398 2031 1848 2094; baseline -0.008 -11"><span class='ocrx_word' id='word_1_209' title='bbox 398 2045 486 2083; x_wconf 72' lang='lat' dir='ltr'><strong>eius</strong></span> <span class='ocrx_word' id='word_1_210' title='bbox 522 2031 677 2094; x_wconf 72' lang='lat' dir='ltr'><strong>duplex</strong></span> <span class='ocrx_word' id='word_1_211' title='bbox 714 2040 872 2086; x_wconf 59' lang='lat' dir='ltr'><strong>octaua,</strong></span> <span class='ocrx_word' id='word_1_212' title='bbox 909 2038 1171 2080; x_wconf 72' lang='lat' dir='ltr'><strong>harmoniam</strong></span> <span class='ocrx_word' id='word_1_213' title='bbox 1212 2036 1314 2076; x_wconf 90' lang='lat' dir='ltr'><strong>nihil</strong></span> <span class='ocrx_word' id='word_1_214' title='bbox 1351 2036 1542 2087; x_wconf 76' lang='lat' dir='ltr'><strong>turbans,</strong></span> <span class='ocrx_word' id='word_1_215' title='bbox 1572 2035 1709 2089; x_wconf 82' lang='lat' dir='ltr'><strong>postea</strong></span> <span class='ocrx_word' id='word_1_216' title='bbox 1743 2044 1848 2072; x_wconf 87' lang='lat' dir='ltr'><strong>vero</strong></span> 
     </span>
     <span class='ocr_line' id='line_1_30' title="bbox 389 2096 1850 2157; baseline -0.009 -10"><span class='ocrx_word' id='word_1_217' title='bbox 389 2111 508 2157; x_wconf 68' lang='lat' dir='ltr'><strong>{eque</strong></span> <span class='ocrx_word' id='word_1_218' title='bbox 543 2118 638 2145; x_wconf 65' lang='lat' dir='ltr'><strong>nur</strong></span> <span class='ocrx_word' id='word_1_219' title='bbox 672 2103 790 2144; x_wconf 88' lang='lat' dir='ltr'><strong>sonus</strong></span> <span class='ocrx_word' id='word_1_220' title='bbox 826 2114 1004 2143; x_wconf 90' lang='lat' dir='ltr'><strong>numero</strong></span> <span class='ocrx_word' id='word_1_221' title='bbox 1039 2116 1068 2152; x_wconf 89' lang='lat'><em>9</em></span> <span class='ocrx_word' id='word_1_222' title='bbox 1104 2101 1376 2156; x_wconf 84' lang='lat' dir='ltr'><strong>respondens,</strong></span> <span class='ocrx_word' id='word_1_223' title='bbox 1429 2101 1522 2154; x_wconf 84' lang='lat' dir='ltr'><strong>qui,</strong></span> <span class='ocrx_word' id='word_1_224' title='bbox 1559 2113 1653 2141; x_wconf 86' lang='lat' dir='ltr'><strong>cum</strong></span> <span class='ocrx_word' id='word_1_225' title='bbox 1702 2096 1850 2137; x_wconf 79' lang='lat' dir='ltr'><strong>funda-</strong></span> 
     </span>
    </p>

    <p class='ocr_par' dir='ltr' id='par_1_10' title="bbox 1684 2169 1849 2204">
     <span class='ocr_line' id='line_1_31' title="bbox 1684 2169 1849 2204; baseline -0.03 0"><span class='ocrx_word' id='word_1_226' title='bbox 1684 2169 1849 2204; x_wconf 85' lang='lat' dir='ltr'><strong>menta-</strong></span> 
     </span>
    </p>
   </div>
  </div>
 </body>
</html>
