1981 2635
576 143 691 196 »Συ-’.ἓ
756 137 950 199 )219(
1015 141 1131 195 5:23<-

317 257 436 299 Haec
480 256 603 305 sunt,
648 267 753 308 quae
787 255 830 295 in
866 254 1041 296 internis
1075 249 1279 294 vesiculae
1313 259 1356 291 et
1389 249 1593 291 ductuum

128 320 388 363 biliferorum
418 319 708 374 superficiebus
745 331 828 359 non
855 320 950 360 satis
985 328 1130 359 notata
1163 328 1204 357 et
1239 316 1443 369 descripta
1474 315 1592 355 fuiffe

127 385 301 427 credidi.
384 384 548 425 Mirum
600 393 741 424 autem
795 383 929 423 videri
969 392 1172 437 oportet,
1224 391 1272 421 vt
1317 391 1428 420 tanta
1466 382 1592 432 copia

132 460 373 501 cryptarum
428 448 720 488 muciferarum
771 448 961 488 munitos
1009 449 1084 488 effe
1118 447 1310 487 videmus
1340 445 1590 498 hepaticum

128 513 298 553 ducrum
336 521 377 551 et
412 510 719 552 choledochum
743 541 754 560 ,
809 523 914 563 quos
951 521 1093 551 tamen
1129 510 1218 549 bilis
1255 509 1385 549 modo
1420 508 1594 560 transit3

130 586 214 615 tam
253 575 405 627 sparsos
437 583 586 614 contra
619 585 816 625 rarosque
852 576 1036 614 inueniri
1066 587 1197 626 ‘poros
1236 575 1275 612 in
1311 572 1396 625 ipsa
1430 572 1591 612 vesicu-

127 639 165 678 la
200 638 333 685 fellea,
360 639 401 676 in
440 649 517 687 qua
554 634 645 677 bilis
678 636 910 686 colligitur,
936 637 1180 687 >diutiusque
1204 647 1404 683 moratur,
1436 645 1475 674 et
1500 648 1590 675 πτει-

126 703 261 740 iorem
315 700 552 738 acredinem
596 697 832 737 contrahit.
910 695 990 738 Sed
1029 700 1141 737 *ratio
1180 699 1375 748 sapientis
1406 711 1586 738 naturae

126 761 234 802 haud
272 761 390 814 plane
426 761 538 801 latet.
603 760 651 800 ln
689 762 928 801 vniuersum
966 763 1104 802 minus
1142 761 1343 800 sensibiles
1363 762 1586 811 minusque

125 825 350 865 irritabiles
387 826 464 864 effe
499 825 696 864 videntur
733 826 898 865 tunicae
932 825 1128 874 villosae,
1182 838 1315 877 vquam
1352 824 1446 864 illae
1481 835 1587 873 quae:

126 887 263 928 laeues
300 888 488 940 aequales
521 897 567 927 et
596 889 740 928 -tensae
778 888 896 935 sunt,
958 889 1159 941 siquidem
1196 889 1352 941 pariter
1387 898 1589 940 vtraeque

126 964 184 991 ex
217 962 313 991 cute
346 954 660 992 continuantur.
735 950 1036 1004 videnturque
1072 952 1145 1005 ipsi
1177 952 1268 992 villi
1289 982 1300 999 ‚
1354 952 1421 991 seu
1458 952 1587 1004 parti-

126 1015 241 1054 culae
277 1016 526 1063 eminentes,
563 1028 662 1067 quas
694 1016 817 1055 nerui
848 1027 937 1054 *non
972 1016 1281 1068 ingrediuntur,
1305 1015 1472 1068 aliquod
1491 1027 1588 1055 mu-

126 1079 412 1119 nimentorum
443 1089 598 1119 contra
632 1080 863 1119 acredinem
901 1092 1031 1132 genus
1068 1080 1342 1133 suppeditare.
1421 1078 1584 1133 Quodsi

126 1155 235 1183 nunc
273 1144 356 1195 ipse
391 1143 609 1195 primarius
638 1154 813 1184 naturae
846 1142 942 1183 finis
975 1144 1020 1183 in
1059 1142 1178 1184 fellea
1210 1142 1392 1184 vesicula
1425 1143 1588 1191 suerit,

126 1216 171 1245 vt
207 1206 296 1246 bilis
330 1208 541 1248 ‘morando
578 1209 781 1247 maiorem
819 1208 1052 1250 acredinem
1094 1208 1340 1259 contrahat3
1391 1208 1420 1247 si
1455 1207 1585 1246 inuti-

126 1271 224 1311 liter
277 1270 345 1310 illa
389 1281 430 1310 et
461 1280 627 1324 praeter
664 1271 949 1312 necessitatem
989 1285 1115 1314 muco
1147 1282 1324 1312 onerata
1358 1271 1492 1312 fuisset
1527 1271 1586 1309 le-

126 1335 291 1382 niente,
340 1333 411 1374 fibi
449 1335 520 1389 ipsi
557 1346 746 1375 naturam
784 1338 938 1388 suoque
972 1336 1047 1376 fini
1085 1336 1339 1378 contrariam
1373 1335 1489 1375 fuiss‘e
1524 1334 1585 1374 fa·

127 1398 204 1437 cile
258 1397 388 1438 vides.
470 1397 596 1439 Villis
644 1400 771 1452 igitur
805 1401 944 1453 potius
982 1400 1291 1441 absorbentibus
1327 1399 1420 1452 ipsis
1455 1408 1497 1438 et
1532 1398 1584 1438 ad

126 1462 360 1501 acredinem
398 1462 438 1501 in
470 1462 549 1503 bile
582 1466 886 1516 procreandam
922 1475 965 1504 et
998 1466 1046 1505 ad
1086 1464 1389 1506 defendendam
1425 1462 1584 1501 vesicu-

121 1525 206 1565 lam
243 1536 390 1565 contra
424 1540 513 1566 eam
545 1528 785 1568 acredinem
819 1529 860 1567 in
899 1529 1077 1579 cystide,
1122 1529 1279 1570 lacunis
1315 1528 1359 1568 in
1394 1526 1584 1568 duetibus

124 1589 331 1639 Vtebatur,
365 1602 468 1642 quos
505 1590 627 1631 bilem
659 1593 841 1632 celerius
878 1592 1046 1634 tranfire
1084 1592 1319 1649 oportebat,

312 1715 396 1757 'Sed
444 1716 550 1758 haec
602 1720 650 1760 ad
697 1721 820 1761 aliam
860 1733 939 1761 nos
975 1734 1104 1775 porro
1138 1721 1297 1762 ducunt
1334 1717 1584 1773 speculatio-

124 1793 239 1823 nem.
310 1781 480 1834 Saepius
504 1811 513 1825 ,
564 1785 777 1825 reticulata
827 1786 938 1825 intus
978 1797 1018 1826 et
1052 1786 1197 1825 villota
1234 1785 1481 1826 membrana
1516 1783 1583 1822 in-

128 1847 297 1886 uestitos
333 1848 425 1892 effe,
460 1845 655 1899 scriptum
692 1849 760 1896 cst,
796 1849 874 1889 hos
912 1852 1073 1895 duetus,
1110 1848 1419 1890 choledochum
1447 1857 1487 1886 et
1506 1847 1582 1886 he-

128 1913 335 1960 paticum3
391 1920 435 1949 et
481 1911 599 1962 pauci
637 1923 782 1953 contra
816 1913 1021 1955 Audon-es
1058 1913 1106 1952 de
1142 1913 1299 1954 lacunis
1335 1912 1580 1964 loquuntur.

132 1968 203 2009 An
245 1973 351 2013 villis
393 1986 492 2025 ergo
530 1984 570 2013 et
607 1976 711 2027 rugis
748 1978 788 2016 in
827 1978 914 2018 aliis
952 1988 1098 2018 natura
1135 1979 1267 2018 vtitur
1303 1977 1580 2030 corporibus,

129 2033 171 2072 in
219 2033 302 2073 aliis
348 2040 484 2088 potius
530 2051 654 2077 muco
702 2052 743 2080 et
778 2040 966 2082 lacunis?
1019 2040 1267 2082 Consentire
1304 2042 1498 2080 videntur
1534 2050 1582 2076 ea

130 2108 236 2149 quae
287 2099 336 2137 de
390 2102 514 2140 variis
551 2102 706 2150 sedibus
744 2106 887 2146 ductus
926 2106 1171 2146 choledochi
1210 2117 1250 2146 et
1285 2104 1464 2156 hepatici
1503 2113 1580 2140 no·

130 2161 240 2210 taui,
275 2173 381 2213 quae
414 2166 524 2215 poris
559 2179 675 2208 eraut
710 2170 925 2211 instructae
962 2171 1209 2223 rarioribus,
1243 2169 1480 2221 vbicunque
1517 2177 1583 2204 re-

814 2234 851 2275 E
874 2246 896 2275 e
935 2247 962 2273 2
1473 2234 1579 2273 ticu-
