1981 2635
804 108 816 123 =
854 158 969 208 ‘’⁰503ss
1032 156 1173 214 )218
1210 157 1228 216 (
1289 160 1403 212 &tege-

396 267 560 320 ficiem,
595 268 666 309 sub
702 278 869 311 tenuem
903 271 1047 312 duetus
1083 270 1268 311 tunicam
1306 272 1514 316 internam
1536 305 1547 325 ‚
1600 287 1704 327 quae
1742 276 1854 316 caui-

398 346 529 375 tatem
564 333 779 375 lacunulae
816 336 935 388 tegit.
969 346 1009 375 et
1031 345 1177 374 tenero
1214 336 1401 386 margine
1435 340 1575 380 exciso
1594 341 1741 380 ostium
1765 340 1854 379 eius

396 397 566 438 format.
635 396 853 452 Saepeque
898 412 952 439 ex
997 399 1101 438 ostio
1148 398 1278 437 sulcus
1316 399 1428 449 quasi
1462 405 1758 449 continuatur,
1812 403 1854 442 in

398 475 485 514 quo
518 461 724 513 liquidum
759 464 993 513 expressum
1039 462 1220 501 defluere
1256 462 1434 505 videtur.
1522 466 1660 518 Atque
1696 467 1737 505 iu
1772 467 1865 506 hoc.

397 526 477 566 situ
532 533 575 564 et
626 526 963 566 conformatione
1006 525 1221 565 similiores
1259 525 1334 565 hae
1366 526 1581 568 Iacuuulae
1614 529 1692 568 illis
1730 530 1820 569 simt
1844 559 1866 578 ,,

396 600 503 640 quae
553 589 595 628 iu
647 591 724 628 viis
767 589 957 630 vrinariis
994 600 1034 629 et
1069 589 1110 628 in
1148 589 1297 641 vagina
1333 590 1526 631 muliebri
1563 592 1859 632 inueniuntur.>

396 650 496 691 Pori
546 652 750 692 vesiculae
787 664 932 693 contra
967 654 1077 692 tedia
1111 653 1153 691 iu
1189 651 1448 704 superficiem
1489 655 1753 696 membranae
1790 656 1862 695 in-

397 723 541 755 ternae
584 716 837 756 descendunt
881 726 924 757 et
968 725 1165 769 tauquam
1209 716 1465 758 foraminula.
1493 720 1866 772 caecaprofund'au

397 786 623 834 apparento.

583 903 748 944 Ductus
783 901 1008 956 hepaticus.
1038 903 1227 954 aliquam·
1256 902 1425 944 reticuli
1453 903 1648 956 speciem,
1684 909 1758 949 sed·
1779 911 1866 951 obo-

393 965 542 1016 soleti,
584 966 720 1008 habet.
786 964 1071 1008 Tenuiffimae
1110 967 1201 1007 sunt
1236 968 1437 1019 ruginem,
1489 979 1594 1020 quae
1628 969 1737 1010 illud·
1764 972 1862 1013 effi*

395 1031 529 1081 ciunt,
563 1031 810 1084 areolaeque
845 1030 1022 1072 inclusae
1057 1032 1138 1072 vix?
1168 1031 1338 1070 seminis
1363 1032 1606 1084 papauerini
1632 1034 1862 1086 granulum:

397 1095 641 1136 admittunt.
706 1095 805 1136 Illae
853 1096 1030 1148 quidem
1081 1096 1132 1134 ad
1181 1094 1457 1135 latitudinem..
1501 1106 1662 1137 meatus
1707 1098 1864 1139 dustae

394 1161 515 1209 sunt,
565 1158 646 1199 hae
691 1158 870 1213 figuram
906 1159 1061 1201 habeut
1095 1158 1371 1200 transuersim
1399 1157 1637 1212 oblongam.
1703 1160 1863 1214 Impri⁴²⁴

395 1224 477 1264 mis
523 1232 666 1263 tamen
711 1224 762 1264 ad
805 1222 937 1264 finem
979 1223 1132 1263 duetus
1157 1222 1402 1263 inferiorem
1440 1224 1600 1272 modo,
1651 1223 1731 1263 vbi'
1756 1237 1861 1265 cum:

394 1287 554 1337 cystico
588 1286 658 1327 ille
694 1288 998 1340 coniungitur,
1049 1287 1161 1327 haee
1189 1286 1408 1335 subtilior,
1465 1286 1576 1340 quasi
1613 1287 1864 1336 reticulata,v

394 1351 597 1391 struc‘tura
633 1351 893 1392 obseruatur„
968 1351 1161 1404 Superius
1198 1349 1433 1404 superficies
1467 1351 1595 1392 laeuis
1630 1360 1670 1392 et
1706 1362 1864 1405 aequato<-

393 1413 446 1455 lis
480 1415 550 1464 est,
584 1424 634 1455 vt
668 1416 713 1454 in
747 1413 1035 1456 choledoclim.

583 1541 771 1581 Lacunas
808 1552 990 1594 quoque,
1027 1554 1111 1582 nec·
1140 1554 1263 1587 raras,
1297 1540 1439 1582 duetus
1475 1541 1691 1594 hepaticus
1713 1540 1852 1591 haben,

394 1602 606 1657 imprimis
641 1606 683 1643 in
721 1616 840 1658 parte
876 1606 943 1644 sua
978 1606 1190 1658 superiori,
1233 1605 1301 1644 vbi
1336 1604 1461 1645 laeuis
1498 1617 1538 1645 et
1575 1604 1753 1657 aequalis
1790 1607 1851 1645 su-

395 1667 589 1721 perficies
640 1669 708 1708 est.
792 1668 882 1708 Hae
929 1669 1018 1708 satis
1065 1669 1211 1708 similes
1256 1669 1353 1707 sunt
1398 1667 1644 1709 choledochi
1680 1668 1849 1707 lacunis.

396 1730 520 1785 Quae
573 1741 713 1772 autem
765 1732 809 1771 in
852 1731 1045 1772 inferiori
1090 1731 1377 1772 subreticulata
1413 1744 1535 1784 parte·
1565 1731 1741 1771 rariores
1778 1742 1851 1769 oc·

396 1805 583 1843 currunt,
622 1796 668 1835 ad
705 1808 830 1849 poros
866 1796 1019 1849 potius,
1055 1797 1192 1848 quales
1229 1794 1407 1834 vesicula
1441 1796 1592 1842 habet,
1637 1805 1759 1844 quam
1798 1793 1847 1832 ad

396 1858 486 1899 illas
522 1859 687 1899 lacunas
724 1858 965 1899 referendae
998 1860 1076 1899 effe
1112 1859 1323 1898 videntur..
1390 1859 1532 1912 Atque
1566 1857 1648 1896 hoc
1683 1868 1735 1894 eo
1759 1869 1847 1896 ma-

394 1923 457 1975 gis
494 1922 599 1963 mihi
637 1922 820 1962 notabile
853 1923 988 1962 visum
1024 1923 1109 1969 est,
1160 1935 1256 1961 cum
1293 1923 1416 1962 etiam
1452 1923 1493 1961 in
1530 1922 1613 1960 ima
1647 1918 1848 1959 choledo-

397 1985 465 2027 chi
500 1996 632 2040 parte,
668 1999 772 2039 quae
806 1986 912 2025 intra
948 1986 1131 2026 duodeni
1164 1985 1424 2025 membranas
1444 1985 1695 2029 continetur,
1718 1995 1847 2033 quae·

397 2063 479 2103 que
516 2050 701 2090 similiter
736 2049 954 2089 reticulata
988 2050 1064 2097 est,
1102 2047 1299 2091 mucifera
1334 2048 1536 2100 organula
1570 2047 1848 2098 reperiantur,

396 2126 502 2164 quae
553 2115 708 2167 pariter
750 2123 793 2153 et
836 2114 992 2152 rariora
1027 2121 1253 2154 occurrunt
1289 2120 1332 2150 et
1367 2124 1463 2153 cum
1497 2112 1609 2166 poris
1644 2109 1848 2149 vesiculae

395 2176 595 2220 structura
629 2187 670 2218 et
703 2176 780 2218 situ
831 2176 1101 2216 conueniunt.

1730 2236 1847 2278 Haec
