1981 2635
584 146 699 197 »5033
763 148 902 202 >¹01
941 140 959 200 (
1022 143 1136 196 &2³3⁴-

136 261 208 304 vbi
242 261 471 302 constantes
506 260 564 301 ita
598 267 860 312 comparatas
895 257 972 298 effe
1018 264 1211 311 oportet,
1245 262 1291 296 vt
1325 254 1485 297 summa
1520 256 1592 296 tri-

137 340 209 368 um
243 324 390 367 harum
428 322 706 366 formularum
740 322 812 362 fiat
847 321 1025 375 aequalis
1064 327 1147 374 3p.

322 449 357 497 §.
399 459 469 495 19.
552 445 717 485 Eodem
770 445 900 485 modo
951 445 1217 486 ratiocinium
1254 446 1334 486 erit
1375 446 1593 487 instituen-

135 513 260 565 dum,
310 511 338 551 fi
372 510 490 563 plura
523 509 704 561 pendula
740 509 851 549 inter
897 510 936 548 se
987 508 1142 548 fuerint
1178 509 1387 562 aequalia,
1443 511 1500 551 ita
1546 521 1593 551 vt

134 589 245 617 nunc
268 605 271 609 .
297 576 416 628 super
465 571 547 611 hoc
600 571 859 623 problemate
913 572 1017 612 nihil
1059 573 1238 627 amplius
1275 573 1322 613 fit
1358 572 1593 614 desideran-

134 642 257 686 dum,
293 645 562 689 quotcunque
599 634 726 672 etiam
761 635 950 685 pondera
983 635 1137 675 fuerint
1173 637 1361 688 appensa.
1446 637 1592 690 Atque

129 702 228 741 hinc
258 701 383 739 etiam
415 697 630 737 clarissime
657 695 791 735 elucet
821 697 1005 735 summus
1034 698 1127 736 vsus
1151 698 1448 740 faecundiffimi
1478 703 1593 754 prin-
1654 741 1658 745 ,

128 764 226 816 cipii
262 762 407 803 Illustr.
442 760 552 801 Dan,
591 759 828 807 Bernoullz'i,
865 772 948 812 quo
985 772 1134 800 omnes
1171 760 1415 802 huiusmodi
1452 775 1593 804 motus

127 826 406 869 oscillatorios
441 825 603 878 semper
632 836 688 863 ex
717 823 877 875 aliquot
913 823 1096 864 motibus
1126 825 1408 878 pendulorum
1435 826 1595 881 simpli-

126 892 240 931 cium
294 889 547 941 compofitos
584 887 662 927 effe
699 887 852 926 statuit.
934 886 1146 940 Imprimis
1181 902 1284 929 vero
1317 891 1443 932 etiam
1488 891 1590 932 hinc

126 963 265 1008 patet,
302 964 427 1004 quam
467 951 629 1004 egregie
666 951 768 990 istud
807 950 1063 1004 principium
1099 965 1194 992 cum
1231 954 1380 1007 primis
1416 954 1593 997 Mecha-

130 1018 248 1057 nicae
302 1016 514 1068 principiis
567 1014 799 1066 conspiret,
849 1025 974 1066 atque
1026 1019 1128 1056 adeo
1166 1030 1222 1057 ex
1263 1019 1312 1058 iis
1347 1020 1591 1062 immediate

127 1079 278 1120 deduci
331 1089 466 1131 queat.
551 1077 836 1118 Pulcherrime
871 1078 1026 1118 scilicet
1072 1079 1154 1119 hoc
1190 1083 1448 1136 principium
1486 1098 1590 1124 con-

128 1156 287 1185 nexum
325 1143 380 1181 est
416 1155 512 1182 cum
548 1155 595 1181 ea
631 1141 899 1191 conditione,
937 1155 1020 1195 qua
1055 1144 1098 1183 in
1134 1147 1327 1187 omnibus
1371 1147 1596 1189 huiusmo-

130 1209 173 1248 di
196 1206 394 1246 -motibus
430 1205 672 1246 definiendis
708 1208 951 1259 peruenitur
987 1207 1035 1247 ad
1072 1209 1278 1250 eiusmodi
1314 1213 1588 1264 aequationes

130 1269 423 1311 differentiales
460 1269 622 1311 secundi
654 1270 826 1322 gradus,
880 1271 919 1309 in
958 1270 1107 1323 quibus
1152 1287 1299 1315 omnes
1348 1276 1588 1330 incognitae

128 1335 296 1375 vnicam
334 1333 485 1387 vbique
530 1335 683 1374 habent
735 1334 1060 1383 dimensionem,
1106 1339 1161 1376 ita
1211 1349 1256 1378 vt
1292 1340 1454 1393 semper
1490 1343 1591 1381 den-

130 1410 197 1439 tnr
234 1398 438 1438 eiusmodi
492 1398 716 1438 solutiones
752 1398 965 1450 speciales,
1017 1401 1060 1439 in
1097 1402 1245 1452 quibus
1284 1416 1433 1444 omnes
1472 1406 1591 1445 inco-

127 1464 267 1516 gnitae
316 1452 542 1502 constantes
585 1463 691 1501 inter
725 1462 762 1501 se
802 1472 968 1504 teneant
1020 1466 1224 1515 rationes,
1280 1480 1364 1520 quo
1399 1468 1488 1522 ipso
1524 1483 1592 1509 os-

130 1527 358 1566 cillationes
407 1526 611 1579 regulares
646 1538 690 1565 ac
726 1525 931 1580 simplices
987 1529 1231 1572 innuuntur.
1311 1531 1428 1572 Tum
1484 1545 1590 1574 vero

128 1603 184 1630 ex
220 1589 412 1630 omnibus
448 1589 509 1630 his
553 1590 828 1631 solutionibus
879 1593 1118 1645 specialibus
1165 1609 1240 1648 per
1284 1595 1413 1650 ipsum
1468 1608 1588 1637 natu·

125 1667 214 1694 ram
251 1654 493 1694 huiusmodi
528 1655 831 1709 aequationum
869 1656 1017 1696 solutio
1059 1660 1266 1711 generalis
1302 1671 1341 1700 et
1377 1661 1590 1715 completa

124 1718 301 1759 formari
335 1718 480 1771 potest.

309 1844 343 1892 §.
375 1854 447 1883 20.
517 1842 766 1898 Quanquam
805 1859 944 1889 autem
981 1847 1083 1890 haec
1119 1848 1270 1891 solutio
1306 1853 1492 1893 maxime
1528 1855 1586 1895 est

123 1905 348 1956 generalis,
409 1918 449 1947 et
486 1921 629 1950 omnes
679 1911 800 1964 plane
836 1914 946 1953 casus
983 1914 1024 1953 in
1064 1915 1099 1954 se
1135 1915 1449 1969 compleffitur,
1504 1918 1587 1960 fiue

128 1971 266 2008 omnia
315 1972 492 2023 pendula
543 1972 619 2013 fint
670 1975 931 2029 longitudine
984 1978 1171 2031 aequalia
1207 1979 1287 2020 siue
1324 1982 1584 2033 inaequalia,

127 2029 156 2069 fi
191 2031 354 2083 quidem
399 2050 477 2089 pro
535 2039 768 2091 aequalibus
822 2043 1267 2096 correctio,cxp0s1ta
1319 2045 1584 2086 adhibeatur:

127 2101 266 2133 tamen
301 2097 445 2139 dantur
479 2102 644 2155 insuper
700 2105 833 2155 casus,
883 2108 954 2160 qui
993 2108 1246 2159 peculiarem
1283 2110 1582 2150 resolutionem

130 2159 365 2213 requirunt,
401 2165 472 2219 qui
508 2166 618 2207 sunt:
656 2170 824 2220 quando
861 2171 1040 2223 pendula
1075 2171 1125 2211 ab
1161 2172 1246 2227 ipso
1278 2185 1356 2213 axe
1384 2173 1584 2214 horizon-

840 2233 881 2274 N
923 2247 945 2283 3
1512 2237 1584 2277 tali
