1981 2635
562 158 676 208 „gagg
740 153 934 213 )103(
999 153 1117 205 ἔρξω

151 277 948 355 INVESTIGATIO
1014 272 1523 349 MOTVVM,

106 412 342 487 QVIBVS
392 409 698 461 LAMINAE
749 410 838 460 ET
888 408 1137 461 VIRGAE
1191 404 1564 458 ELASTICAE

504 523 1174 570 CONTREMISCVNT.

697 732 970 774 Auctore

629 829 678 872 L.
730 826 1054 871 EVLERO..

214 1170 421 1212 uanquam
472 1155 554 1196 hoc
603 1162 896 1208 argumentum
931 1155 1015 1195 iam
1050 1155 1216 1209 pridem
1254 1164 1340 1197 tam
1377 1156 1427 1198 ab
1461 1155 1564 1199 Illu-

244 1224 355 1264 striff.
390 1221 444 1262 D.
479 1219 701 1268 Bernoullz',
735 1232 861 1272 quam
897 1234 918 1259 a
954 1231 1021 1260 me
1073 1220 1195 1261 fufius
1232 1221 1288 1261 est
1334 1222 1571 1274 pertracta-

103 1299 216 1329 tum:
252 1297 391 1327 tamen
428 1286 523 1339 quia
556 1283 629 1324 illo
665 1294 855 1338 tempore
892 1297 1026 1336 neque
1069 1285 1296 1338 principia,
1331 1284 1442 1326 vnde
1478 1285 1560 1327 hu·

104 1351 286 1393 iusmodi
338 1359 473 1390 motus
526 1348 793 1388 determinari
829 1358 1045 1401 opportet,
1086 1348 1177 1388 satis
1214 1358 1330 1389 erant
1365 1349 1566 1400 exculta,

104 1428 237 1469 neque
272 1427 317 1454 ea
353 1413 581 1464 Analyseos
613 1426 729 1465 pars,
782 1425 885 1464 quae
939 1412 1052 1453 circa
1096 1412 1328 1453 functiones
1364 1412 1558 1453 binarum

104 1478 362 1520 variabilium
398 1476 598 1525 versatur,
635 1476 725 1516 satis
763 1476 1003 1530 explorata,
1038 1477 1176 1518 actum
1213 1489 1332 1530 agere
1371 1489 1453 1516 non
1490 1477 1556 1516 vi-

104 1542 257 1592 debor,
291 1541 319 1581 fi
356 1553 461 1582 nunc
496 1540 607 1580 idem
643 1550 935 1593 argumentum
971 1542 1202 1582 accuratius
1237 1540 1558 1594 inuestigauero.

102 1604 319 1646 Praeterea
353 1617 456 1645 vero
490 1604 616 1645 etiam
646 1614 706 1645 tot
735 1604 894 1644 diuersa
922 1613 1119 1645 motuum
1150 1617 1301 1657 genera
1335 1605 1378 1644 in
1413 1604 1559 1644 huius-

102 1670 219 1709 modi
247 1668 487 1722 corporibus
515 1668 654 1708 locum
685 1667 840 1707 habere
873 1668 1066 1721 possunt,
1116 1681 1220 1722 quae
1251 1668 1556 1708 accuratiorem

103 1733 432 1774 enucleationem
466 1732 694 1787 postulant3
729 1732 1006 1785 quamobrem
1039 1731 1108 1772 hic
1137 1744 1310 1785 operam
1343 1731 1475 1780 dabo,
1510 1741 1559 1771 vt

102 1796 330 1836 vniuersam
361 1795 480 1836 huius
501 1801 557 1836 rei
577 1796 899 1849 disquifitionem
929 1809 984 1836 ex
1014 1797 1159 1849 primis
1186 1796 1400 1849 principiis
1428 1795 1556 1835 dedu·

104 1871 218 1910 cam,
255 1869 296 1899 et
323 1859 488 1909 clarius,
523 1872 646 1913 quam
682 1861 850 1913 quidem
882 1870 975 1900 aute
1012 1861 1067 1901 est
1104 1860 1274 1908 factum,
1308 1871 1558 1914 proponam.
1606 1875 1612 1880 ·

103 1921 309 1976 Imprimis
345 1934 482 1964 autem
517 1924 660 1964 omnia
696 1925 853 1965 diuersa
888 1934 1083 1965 motuum
1118 1937 1286 1977 genera,
1321 1936 1428 1976 quae
1462 1923 1557 1975 qui-

105 1985 198 2025 dem
233 1999 446 2028 occurrere
483 1989 658 2042 possunt,
692 1989 872 2030 dilucide
908 1988 995 2029 sum
1032 1989 1306 2042 expofiturus.
1359 1986 1460 2041 Quo
1480 1987 1558 2039 igi-

105 2058 170 2088 tur
205 2052 344 2091 omnia
375 2051 476 2092 fiant
514 2053 642 2106 magis
679 2054 915 2107 perspicua,
949 2053 1035 2093 duo
1069 2053 1340 2107 praemittam
1361 2052 1556 2091 Lemma-

105 2121 170 2161 ta,
220 2125 393 2164 quorum
431 2116 561 2156 altero
615 2118 731 2158 status
786 2117 1042 2170 aequilibrii,
1095 2118 1224 2158 altero
1271 2128 1376 2156 vero
1412 2124 1555 2155 motus

102 2176 315 2229 virgarum
362 2188 572 2233 vtcuuque
624 2180 882 2224 clasticarum
919 2192 959 2223 et
995 2196 1016 2223 a
1053 2180 1254 2237 potentiis
1299 2177 1553 2234 quibuscun-

1475 2253 1562 2294 que
