1981 2635
580 122 696 176 ..333
758 116 777 179 )
812 117 954 183 247(
1014 122 1132 175 &1030-

122 235 297 280 nomine
346 234 513 277 verticis
565 235 821 287 indicemus,
872 244 962 277 tum
997 246 1102 277 vero
1138 236 1377 281 Pdenotet
1412 236 1589 291 Polum,

121 303 181 344 ita
214 311 262 343 vt
295 313 412 342 arcus
446 295 675 353 szcp.
754 298 846 341 Nifi
889 312 993 355 ergo
1035 300 1156 355 polus
1200 301 1232 342 P
1266 303 1337 344 vel
1370 305 1413 346 in
1448 303 1483 346 B
1519 304 1589 347 vel

121 367 168 409 in
198 365 243 408 V
275 365 455 415 incidat,
513 364 738 418 punctum,
791 364 904 417 quod
949 364 1095 406 zenith
1141 377 1370 417 vocamus,
1423 371 1587 423 semper
1615 379 1701 419 Τὼ,
1735 382 1796 419 tx.

124 445 148 472 a
181 430 336 471 vertice
373 427 417 469 V
452 428 707 481 discrepabit.
791 426 835 469 Si
883 429 997 469 enim
1044 432 1087 469 in
1123 429 1256 484 figura
1308 434 1586 485 praecedente
1639 430 1771 482 Fig·²-

122 494 258 536 rectae
296 490 403 538 CB,
443 490 532 532 CL
567 502 611 530 et
647 491 744 533 NL
775 505 905 545 vsque
958 493 999 533 in
1054 493 1220 535 coelum
1279 497 1587 549 producantur,

122 558 259 613 prima
289 555 324 597 C
346 556 380 596 B
417 555 604 596 tendebit
640 555 682 593 in
716 556 860 607 polum
900 555 950 604 P’,
988 558 1179 598 secunda·
1202 556 1294 600 CL
1331 559 1444 602 dabit
1479 573 1589 614 pun-

122 623 236 664 ctum
272 618 329 670 Z,
378 619 489 670 quod
523 619 579 658 est
614 616 799 667 zenith,
834 627 891 657 at?
926 617 1176 660 tertia0NL⁷
1214 622 1269 661 in'
1294 624 1419 664 coelo
1467 626 1587 667 dabit

121 684 323 725 verticem
359 680 418 722 V.
464 679 591 722 Vnde
627 690 782 735 patet-5·
809 680 923 721 hacc.
945 679 1435 737 tria1-pundta‘,›P,-V,
1470 685 1508 728 Z
1541 690 1585 730 in

119 747 233 788 idem
270 745 466 798 planum,
501 746 655 786 scilicet
690 745 940 798 inwplanum
977 743 1213 787 meridianis
1241 742 1339 789 loci¹
1361 749 1396 789 L
1432 752 1588 793 incide-

118 822 191 858 re,
226 818 351 862 atque
386 808 528 849 zenith
564 807 616 849 Z.
635 809 797 862 semper
829 809 996 860 longius
1032 820 1070 850 ευ
1091 806 1194 852 Polo
1219 807 1424 854 P-'distare
1461 828 1603 868 quam*

118 874 326 914 verticem
362 871 431 923 V,
480 873 608 925 idque
641 871 865 913 intemallo
901 869 991 914 Z'L
1009 868 1071 922 VJ
1104 883 1247 928 quern³
1276 879 1473 931 angulum
1510 892 1589 921 vo·

121 937 308 979 cauimus
342 951 384 978 ω.
467 934 612 991 Quare
649 951 670 977 a
704 936 943 977 vertice-V-
978 936 1043 978 adl
1066 948 1245 992 partem]
1275 940 1379 981 Polo
1422 938 1583 997 oppofiss

120 1012 208 1043 tam
262 1001 472 1054 capiamus
524 1000 811 1041 interuallum
851 997 895 1040 V
913 996 1023 1042 2³:
1040 1013 1109 1051 021,-
1145 1005 1325 1058 eritque?
1351 1001 1407 1046 Ζῖ
1431 1019 1584 1050 verum

122 1065 266 1108 zenith
303 1065 384 1105 loci
421 1065 647 1118 propofiti3
699 1064 866 1107 vnderfi
904 1065 1029 1106 sidus*
1063 1068 1365 1122 quodcunque·
1392 1070 1589 1114 obserue-

122 1140 190 1172 tur
222 1129 264 1169 in
301 1130 455 1182 puncto
493 1128 542 1178 S,
578 1129 663 1169 eius
706 1129 895 1169 distantia
932 1143 1146 1184 apparens·
1168 1134 1368 1175 a=zenith
1405 1137 1484 1177 erit
1518 1150 1587 1178 ar-

119 1207 191 1236 cus
227 1191 325 1241 ZS,
360 1195 402 1232 in
438 1206 524 1244 quo
558 1193 768 1246 producto
798 1193 950 1234 existet
987 1194 1120 1236 Iocus·
1148 1199 1437 1250 geocentricus
1473 1201 1585 1241 eius-

120 1259 217 1299 dem
254 1257 393 1298 fideris
430 1253 496 1306 Σ,
548 1256 688 1298 sumto
720 1257 875 1298 scilicet
908 1258 1133 1300 interuallo
1168 1259 1193 1301 S
1216 1256 1261 1302 Σ
1296 1264 1459 1314 aequali
1503 1263 1585 1306 Pa·

119 1322 293 1371 rallaxi,
344 1322 703 1375 quemadmodum
748 1333 806 1362 ex
848 1324 983 1376 prima
1032 1322 1166 1376 figura
1201 1325 1257 1364 est
1294 1329 1585 1383 manifestum;

122 1387 233 1427 vnde
268 1396 406 1439 patet,
457 1386 641 1440 respectu
677 1387 845 1427 verticis
882 1387 925 1428 V
957 1388 1062 1428 haec
1103 1390 1254 1443 puncta
1290 1389 1316 1430 S
1353 1403 1395 1432 et
1429 1390 1469 1432 Σ
1508 1406 1583 1436 no-

121 1451 300 1491 tabiliter
333 1450 562 1504 discrepare
602 1465 626 1490 a
658 1450 881 1504 hypothesi
920 1452 1082 1493 Terrae
1119 1452 1378 1507 sphaericae,
1416 1457 1582 1510 hocque

120 1516 341 1555 discrimen
393 1514 618 1569 plurimum
654 1517 843 1563 variare,
877 1526 963 1557 tam
999 1530 1080 1574 pro
1114 1518 1243 1559 variis
1278 1519 1364 1561 loci
1398 1520 1585 1563 altitudi-

120 1581 266 1629 nibus,
301 1592 430 1634 quam
464 1592 543 1634 pro
577 1579 653 1620 fitu
685 1576 830 1621 fidei-is
861 1578 907 1622 S.
1615 1579 1617 1581 ’

1625 958 1704 1012 Fig.
1732 975 1767 1009 ³.

271 1709 306 1757 ξ.
331 1720 402 1749 12.
456 1707 597 1755 Nunc,
616 1709 814 1761 quoniam
847 1707 1015 1750 effeetus
1041 1709 1306 1752 Parallaxeos
1325 1707 1350 1749 S
1366 1706 1409 1752 Σ
1431 1710 1584 1764 pendet

122 1771 191 1812 vel
219 1771 267 1812 ab
297 1785 393 1814 arcu
421 1769 504 1813 ZS
534 1772 600 1812 vel
627 1773 678 1812 ab
707 1786 800 1813 arcu
821 1769 926 1822 ΖΣ,
956 1776 1275 1827 praemittamus
1303 1775 1387 1815 duo
1412 1775 1584 1816 Proble-

125 1847 257 1885 mata,
283 1838 426 1891 prouti
454 1836 523 1877 vel
551 1849 667 1877 arcus
696 1834 733 1877 Z
751 1835 776 1877 S
791 1866 801 1885 ,
821 1838 887 1878 vel
909 1851 1024 1879 arcu<
1045 1836 1083 1879 Z
1102 1833 1146 1879 Σ
1165 1840 1286 1881 fuerit
1312 1838 1430 1880 datus
1445 1853 1456 1893 3
1473 1840 1583 1881 vnde

126 1911 317 1950 oporteat
351 1901 477 1956 ipsam
501 1899 731 1941 Parallaxin
767 1900 793 1942 S
814 1897 858 1941 Σ
893 1901 1078 1943 definire.
1138 1904 1186 1944 In
1221 1913 1407 1955 vtroque
1442 1914 1583 1945 autem

129 1963 397 2014 assumamus,
445 1976 614 2018 praeter
649 1966 882 2006 distantiam
918 1967 1195 2010 obseruatoris
1232 1982 1255 2008 a
1294 1978 1441 2008 centro
1474 1968 1584 2007 Ter-

127 2037 222 2075 rae,
270 2040 396 2080 quam
446 2028 656 2084 posuimus
686 2043 807 2080 zz,
858 2031 986 2071 etiam
1038 2033 1178 2073 datam
1221 2032 1300 2073 effe
1345 2032 1582 2072 distantiam

125 2089 265 2132 fideris
299 2105 324 2131 a
357 2104 505 2135 centro
539 2093 723 2145 Terrae,
774 2108 899 2147 quam
936 2109 1142 2150 ponemus
1177 2108 1291 2145 ῖς,
1328 2096 1387 2135 ita
1422 2105 1469 2135 vt
1505 2094 1586 2135 fra-

127 2153 212 2196 (tio
243 2155 288 2216 ξ
321 2156 495 2200 denotet
528 2158 572 2200 id
623 2160 736 2213 quod
780 2160 1030 2205 Astronomi
1082 2160 1294 2219 appellant
1345 2158 1586 2202 Parallaxin

1469 2232 1589 2276 hori-
