1981 2635
220 1322 307 1360 Tab.
336 1322 363 1359 Ῑ.

219 1370 295 1422 Fig.
318 1384 347 1414 7.

869 127 983 177 Ἡ
1049 123 1065 182 )
1103 140 1160 178 72
1197 122 1213 181 (
1277 125 1390 177 2:03·-

419 247 1257 310 TRIGONOMETRIA
1322 247 1845 330 SP-HAERICA

842 362 890 412 V
924 361 1030 411 NI
1066 363 1113 412 V
1146 362 1187 411 E
1221 361 1260 411 R
1294 359 1325 411 S
1359 361 1427 417 A,

556 477 647 518 EX
683 474 920 519 PRIMIS
958 476 1341 522 PRINCIPIIS
1377 480 1737 530 BREVITER

1075 575 1114 616 E
1148 574 1191 615 T

738 664 1095 710 DILVCIDE
1129 668 1525 722 DERIVATA.

991 871 1262 914 Auctore

881 966 928 1009 L.
989 968 1025 1009 E
1062 968 1157 1011 VL
1192 968 1300 1010 ER
1335 970 1386 1012 O.

1064 1215 1098 1263 ς.
1169 1227 1206 1255 1.

491 1319 720 1373 ropofitum
757 1318 805 1359 fit
841 1318 1090 1373 triangulum
1147 1319 1405 1372 sphaericum
1457 1318 1754 1373 quodcunque,
1791 1331 1862 1360 cu·

520 1385 582 1423 ius
617 1381 750 1433 anguli
786 1382 934 1423 litteris
971 1384 1207 1424 maiusculis
1244 1385 1308 1431 A,
1346 1384 1403 1433 B,
1440 1382 1500 1426 C.
1553 1383 1681 1422 latera
1718 1394 1860 1424 autem

408 1445 649 1486 minusculis
685 1458 723 1493 a,
759 1444 798 1493 h,
832 1461 865 1493 c,
902 1447 943 1485 in
981 1447 1110 1499 figura
1145 1447 1372 1500 adscriptis,
1408 1448 1684 1501 designentur,
1722 1448 1783 1486 ita
1815 1457 1863 1487 vt

403 1510 548 1550 iisdem
587 1509 737 1549 litteris
775 1510 1007 1550 maiusculis
1050 1511 1217 1550 eaedem
1268 1512 1523 1552 minusculae
1574 1521 1860 1563 opponantur.

401 1573 489 1613 Iam
527 1586 580 1613 ex
616 1581 763 1612 centro
797 1573 1026 1627 Sphaerae,
1081 1574 1148 1613 cui
1200 1573 1363 1614 literam
1403 1573 1443 1615 O
1481 1575 1733 1623 tribuamus,
1783 1586 1860 1627 per

403 1637 581 1689 fingulos
619 1636 789 1686 angulos
840 1638 1068 1677 educantur
1119 1637 1255 1677 redtae
1290 1636 1412 1685 OC⁷
1451 1637 1556 1688 Oa,
1594 1635 1701 1685 Ob,
1753 1650 1858 1689 quae

393 1701 444 1740 jin
482 1712 631 1741 centro
669 1697 709 1739 O
753 1700 950 1752 angulum
1004 1701 1179 1741 solidum
1232 1703 1502 1752 constituent,
1555 1703 1668 1741 cuius
1720 1700 1860 1752 anguli

407 1765 517 1817 plani
553 1765 776 1805 metientur
812 1765 935 1804 latera
972 1765 1188 1817 trianguli,
1238 1778 1382 1806 eorum
1437 1777 1574 1807 autem
1617 1764 1857 1804 inclinatio-

404 1840 475 1868 nes
512 1839 680 1869 mutuae
716 1829 888 1881 angulos
925 1828 1128 1882 trianguli.

592 1953 625 2001 ξ.
650 1965 688 1992 2.
742 1952 818 1994 His
855 1955 1073 2006 praemissis
1110 1953 1354 2008 capiaturO
1376 1952 1412 1996 C
1439 1956 1511 2009 ipsi
1549 1956 1663 1996 radio
1698 1952 1860 2006 Sphae-

404 2028 473 2055 rae
511 2017 687 2067 aequalis
722 2020 958 2073 :1‚,vnde
993 2021 1043 2060 ad
1080 2017 1172 2060 OC
1209 2021 1250 2058 in
1283 2030 1460 2071 Vtroque
1497 2020 1620 2069 plano
1658 2017 1789 2059 COa
1816 2026 1856 2056 et

405 2077 544 2121 COb
583 2082 828 2121 normaliter
865 2083 1091 2124 statuantur
1127 2084 1258 2123 reciae
1295 2080 1375 2122 Ca
1411 2093 1450 2122 et
1487 2081 1596 2132 Cb3
1631 2093 1718 2122 tum
1757 2093 1858 2121 vero

404 2155 459 2183 ex
493 2143 518 2184 b
555 2144 604 2185 ad
641 2141 721 2185 Ca
758 2146 999 2188 demittatur
1049 2146 1394 2202 perpendiculum
1431 2146 1523 2201 hp,
1574 2147 1687 2201 quod
1738 2143 1858 2246 simudl

1809 2221 1830 2247 a
